@article{ehsani2016,
author = {Ehsani, Mehran and Movahedirad, Salman and Shahhosseini, Shahrokh},
journal = {International Journal of Thermal Sciences},
pages = {111--121},
publisher = {Elsevier},
title = {{The effect of particle properties on the heat transfer characteristics of a liquid--solid fluidized bed heat exchanger}},
volume = {102},
year = {2016}
}
@article{li2013,
author = {Li, Tingwen and Benyahia, Sofiane},
journal = {AIChE Journal},
number = {10},
pages = {3624--3632},
publisher = {Wiley Online Library},
title = {{Evaluation of wall boundary condition parameters for gas--solids fluidized bed simulations}},
volume = {59},
year = {2013}
}
@article{zhao2016,
author = {Zhao, Yunhua and Ding, Tianqiang and Zhu, Liangyou and Zhong, Yingjie},
journal = {Industrial {\&} Engineering Chemistry Research},
number = {5},
pages = {1439--1448},
publisher = {ACS Publications},
title = {{A specularity coefficient model and its application to dense particulate flow simulations}},
volume = {55},
year = {2016}
}
@article{zhong2015,
author = {Zhong, Hanbin and Lan, Xingying and Gao, Jinsen and Zheng, Yajun and Zhang, Zhiping},
journal = {Powder Technology},
pages = {740--743},
publisher = {Elsevier},
title = {{The difference between specularity coefficient of 1 and no-slip solid phase wall boundary conditions in CFD simulation of gas--solid fluidized beds}},
volume = {286},
year = {2015}
}
@article{Seong,
author = {Seong, Yongho and Park, Changhyup and Choi, Jinho and Jang, Ilsik},
doi = {doi:10.3390/en1304096},
journal = {Energies},
pages = {968},
title = {{Surrogate Model with a Deep Neural Network toEvaluate Gas–Liquid Flow in a Horizontal Pipe}},
volume = {13},
year = {2020}
}
@article{Cisternas,
author = {Cisternas, Luis A and Lucay, Freddy A and Botero, Yesica L},
doi = {https://doi.org/10.3390/min10010022},
journal = {Minerals},
pages = {22},
title = {{Trends in Modeling, Design, and Optimization of Multiphase Systems in Minerals Processing}},
volume = {10},
year = {2020}
}
@article{Rabhi,
author = {Rabhi, A and Chkifa, A and Benjelloun, S and Latifi, A},
journal = {Computer Aided chemical engineering},
pages = {229--234},
title = {{Surrogate-based modeling in flotation processes}},
volume = {43},
year = {2018}
}
@article{chauchat,
author = {Chauchat, Julien and Cheng, Zhen and Nagel, Tim and Bonamy, Cyrille and Hsu, Tian-Jian},
doi = {10.5194/gmd-10-4367-2017},
journal = {Geoscientific Model Development},
pages = {4367--4392},
title = {{SedFoam-2.0: A 3-D two-phase flow numerical model for sediment transport}},
volume = {10},
year = {2017}
}
@article{Pha-2008,
author = {{Pham Van Bang}, Damien and Lefran{\c{c}}ois, Emmanuel and Sergent, Philippe and Bertrand, Fran{\c{c}}ois},
doi = {10.1051/lhb:2008025},
journal = {La Houille Blanche},
number = {3},
pages = {39--44},
publisher = {EDP Sciences},
title = {{Exp{\'{e}}rimentation par IRM et mod{\'{e}}lisation par {\'{e}}l{\'{e}}ments finis de la s{\'{e}}dimentation-consolidation des vases}},
year = {2008}
}
@article{versteeg2007introduction,
author = {Versteeg, Henk Kaarle and Malalasekera, Weeratunge},
publisher = {Pearson education},
title = {{An introduction to computational fluid dynamics: the finite volume method}},
year = {2007}
}
@article{wilcox1998turbulence,
author = {Wilcox, David C},
publisher = {DCW industries La Canada, CA},
title = {{Turbulence modeling for CFD}},
volume = {2},
year = {1998}
}
@article{Victo-1986,
author = {Yakhot, Victor and Orszag, Steven A},
doi = {10.1007/bf01061452},
journal = {Journal of Scientific Computing},
number = {1},
pages = {3--51},
publisher = {Springer US},
title = {{Renormalization group analysis of turbulence. I. Basic theory}},
volume = {1},
year = {1986}
}
@article{Launder-1973,
author = {Launder, B E and Spalding, D B},
doi = {10.1002/zamm.19730530619},
journal = {ZAMM - Journal of Applied Mathematics and Mechanics / Zeitschrift f{\"{u}}r Angewandte Mathematik und Mechanik},
number = {6},
pages = {424},
publisher = {John Wiley and Sons},
title = {{Mathematical Models of Turbulence}},
volume = {53},
year = {1973}
}
@article{richard,
author = {Richardson, J F and Zaki, W N},
doi = {10.1016/S0263-8762(97)80006-8},
journal = {Trans. I Chem. Eng},
pages = {35},
title = {{Sedimentation and fluidization: Part I}},
volume = {32},
year = {1954}
}
@article{Gidaspow-1983,
author = {Gidaspow, Dimitri and Ettehadieh, Bozorg},
doi = {10.1021/i100010a008},
journal = {Industrial {\&} Engineering Chemistry Fundamentals},
number = {2},
pages = {193--201},
publisher = {American Chemical Society},
title = {{Fluidization in two-dimensional beds with a jet. 2. Hydrodynamic modeling}},
volume = {22},
year = {1983}
}
@article{van2000derivation,
author = {van Wachem, Berend Gerardus Michiel},
title = {{Derivation, implementation, and validation of computer simulation models for gas-solid fluidized beds}},
year = {2000}
}
@article{Syamlal87,
author = {Syamlal, M and O'Brien, Thomas J},
title = {{The Derivation of a Drag Coefficient Formula from Velocity-Voidage Correlations. Unpublished report}},
year = {1987}
}
@article{wen1966,
author = {Wen, C Y and Yu, Y H},
journal = {The Chemical Engineering Progress Symposium Series},
pages = {100--111},
title = {{Mechanics of Fluidization}},
volume = {162},
year = {1966}
}
@article{schiller1933,
author = {Schiller, L and Naumann, A},
journal = {Z. Vereines Deutscher Inge.},
pages = {318--321},
title = {{{\"{U}}ber die grundlegenden Berechnungen bei der Schwerkraftaufbereitung}},
volume = {77},
year = {1933}
}
@article{ergun-1952,
author = {Ergun, Sabri},
doi = {10.1016/s0301-9322(96)90004-x},
journal = {Chemical Engineering Progress},
pages = {89--94},
title = {{Fluid flow through packed columns}},
volume = {48},
year = {1952}
}
@article{enwalid-1996,
author = {Enwald, H and Peirano, E and Almstedt, A.-E},
doi = {10.1016/s0301-9322(96)90004-x},
journal = {International Journal of Multiphase Flow},
pages = {21--66},
publisher = {Elsevier Science},
title = {{Eulerian two-phase flow theory applied to fluidization}},
volume = {22},
year = {1996}
}
@article{shafer-1987,
author = {Schaeffer, David G},
doi = {10.1016/0022-0396(87)90038-6},
journal = {Journal of Differential Equations},
number = {1},
pages = {19--50},
publisher = {Elsevier Science},
title = {{Instability in the evolution equations describing incompressible granular flow}},
volume = {66},
year = {1987}
}
@article{Johnson-1987,
author = {Johnson, P C and Jackson, R},
doi = {10.1017/S0022112087000570},
journal = {Journal of Fluid Mechanics},
pages = {1--67},
publisher = {Cambridge University Press},
title = {{Frictional–collisional constitutive relations for granular materials, with application to plane shearing}},
volume = {176},
year = {1987}
}
@article{sinclair-1989,
author = {Sinclair, J L and Jackson, R},
doi = {10.1002/aic.690350908},
journal = {AIChE Journal},
number = {9},
pages = {1473--1486},
publisher = {American Institute of Chemical Engineers},
title = {{Gas-particle flow in a vertical pipe with particle-particle interactions}},
volume = {35},
year = {1989}
}
@article{Carnahan-1969,
author = {Carnahan, Norman F and Starling, Kenneth E},
doi = {10.1063/1.1672048},
journal = {The Journal of Chemical Physics},
number = {2},
pages = {630--635},
publisher = {American Institute of Physics},
title = {{Equation of State for Nonattracting Rigid Spheres}},
volume = {51},
year = {1969}
}
@article{henrya,
author = {Hrenya, Christine M and Sinclair, Jennifer L},
doi = {10.1002/aic.690430402},
journal = {AIChE Journal},
number = {4},
pages = {853--869},
publisher = {American Institute of Chemical Engineers},
title = {{Effects of particle-phase turbulence in gas-solid flows}},
volume = {43},
year = {1997}
}
@article{symlal1993,
author = {Syamlal, M and Rogers, W and O`Brien, T J},
doi = {10.2172/10145548},
title = {{MFIX documentation theory guide}},
year = {1993}
}
@article{lun1986,
author = {Lun, C K K and Savage, S B},
doi = {10.1007/BF01182538},
journal = {Acta Mechanica},
number = {1-4},
pages = {15--44},
publisher = {Springer},
title = {{The effects of an impact velocity dependent coefficient of restitution on stresses developed by sheared granular materials}},
volume = {63},
year = {1986}
}
@article{Lun_1984,
author = {C., Lun and Savage, Stuart and Jeffrey, David and N., Chepurniy},
doi = {10.1017/S0022112084000586},
journal = {Journal of Fluid Mechanics},
pages = {223--256},
title = {{Kinetic theories for granular flow: Inelastic particles in Couette flow and slightly inelastic particles in a general flowfield}},
volume = {140},
year = {1984}
}
@article{GID-1994,
author = {Gidaspow, D},
doi = {10.1002/cjce.5450730523},
journal = {The Canadian Journal of Chemical Engineering},
number = {5},
pages = {784},
publisher = {John Wiley and Sons},
title = {{Multiphase flow and fluidization: Continuum and kinetic theory descriptions by D. Gidaspow}},
volume = {73},
year = {1994}
}
@article{Gonzalez-2017,
author = {Gonz{\'{a}}lez, J and Sabirgalieva, N and Rojas-Solorzano, L and Zarruk, G},
doi = {10.3303/CET1757214},
journal = {Chemical Engineering Transactions},
month = {mar},
pages = {1279--1284},
title = {{Numerical Simulation of Slurry Flows in Heterogeneous and Saltation Regimes in Horizontal Pipelines}},
volume = {57},
year = {2017}
}
@article{Ohira-2015,
author = {Ohira, Katsuhide and Nakagomi, Kei and Takahashi, Koichi and Aoki, Itsuo},
doi = {10.1016/j.phpro.2015.06.115},
journal = {Physics Procedia},
pages = {681--686},
title = {{Pressure-drop Reduction and Heat-transfer Deterioration of Slush Nitrogen in Square Pipe flow}},
volume = {67},
year = {2015}
}
@article{matousek,
author = {Matou{\v{s}}ek, V{\'{a}}clav and Krupi{\v{c}}ka, Jan and Konfr{\v{s}}t, Jiř{\'{i}} and Penik, Vojtech},
title = {{Internal structure of settling-slurry flows: solids distribution and friction in horizontal pipe}},
year = {2013}
}
@article{Kaushal-2013,
author = {Kaushal, D R and Kumar, A and Tomita, Yuji and Kuchii, Shigeru and Tsukamoto, Hiroshi},
doi = {10.1016/j.ijmultiphaseflow.2012.12.009},
journal = {International Journal of Multiphase Flow},
pages = {71--91},
publisher = {Elsevier Science},
title = {{Flow of mono-dispersed particles through horizontal bend}},
volume = {52},
year = {2013}
}
@article{C.A-1994,
author = {Shook, C A and Bartosik, A S},
doi = {10.1016/0032-5910(94)02877-x},
journal = {Powder Technology},
number = {2},
pages = {117--124},
publisher = {Elsevier Science},
title = {{Particle—wall stresses in vertical slurry flows}},
volume = {81},
year = {1994}
}
@article{jiang2013pressure,
author = {Jiang, Yuye and Zhang, Peng},
journal = {AIChE journal},
number = {5},
pages = {1762--1773},
publisher = {Wiley Online Library},
title = {{Pressure drop and flow pattern of slush nitrogen in a horizontal pipe}},
volume = {59},
year = {2013}
}
@article{Kumar,
author = {Kumar, Umesh and Mishra, R and Singh, S N and Seshadri, V},
title = {{Effect of particle gradation on flow characteristics of ash disposal pipelines}},
year = {200}
}
@article{D.R-2007,
author = {Kaushal, D R and Tomita, Yuji},
doi = {10.1016/j.powtec.2006.11.020},
journal = {Powder Technology},
number = {3},
pages = {177--187},
publisher = {Elsevier Science},
title = {{Experimental investigation for near-wall lift of coarser particles in slurry pipeline using $\gamma$-ray densitometer}},
volume = {172},
year = {2007}
}
@article{D.R-2005,
author = {Kaushal, D R and Sato, Kimihiko and Toyota, Takeshi and Tomita, Katsuya Funatsu; Yuji},
doi = {10.1016/j.ijmultiphaseflow.2005.03.003},
journal = {International Journal of Multiphase Flow},
number = {7},
pages = {809--823},
publisher = {Elsevier Science},
title = {{Effect of particle size distributioav on pressure drop and concentration profile in pipeline flow of highly concentrated slurry}},
volume = {31},
year = {2005}
}
@article{Randal-2004,
author = {Gillies, Randall G and Shook, Clifton A and Xu, Jihuai},
doi = {10.1002/cjce.5450820523},
journal = {The Canadian Journal of Chemical Engineering},
number = {5},
publisher = {John Wiley and Sons},
title = {{Modelling Heterogeneous Slurry Flows at High Velocities}},
volume = {82},
year = {2004}
}
@article{Randal-2000,
author = {Gillies, Randall G and Shook, Clifton A},
doi = {10.1002/cjce.5450780413},
journal = {The Canadian Journal of Chemical Engineering},
number = {4},
publisher = {John Wiley and Sons},
title = {{Modelling high concentration settling slurry flows}},
volume = {78},
year = {2000}
}
@article{V-2002,
author = {Matousek, V},
doi = {10.1016/s0894-1777(02)00176-0},
journal = {Experimental Thermal and Fluid Science},
number = {6-7},
publisher = {Elsevier Science},
title = {{Pressure drops and flow patterns in sand-mixture pipes}},
volume = {26},
year = {2002}
}
@article{Jaso-2000,
author = {Schaan, Jason and Sumner, Robert J and Gillies, Randall G and Shook, Clifton A},
doi = {10.1002/cjce.5450780414},
journal = {The Canadian Journal of Chemical Engineering},
number = {4},
publisher = {John Wiley and Sons},
title = {{The effect of particle shape on pipeline friction for newtonian slurries of fine particles}},
volume = {78},
year = {2000}
}
@article{M-1983,
author = {Roco, M C and Shook, C A},
doi = {10.1002/cjce.5450610402},
journal = {The Canadian Journal of Chemical Engineering},
number = {4},
pages = {494--503},
publisher = {John Wiley and Sons},
title = {{Modeling of slurry flow: The effect of particle size}},
volume = {61},
year = {1983}
}
@article{Messa-2020,
author = {Messa, Gianandrea Vittorioa and Matou{\v{s}}ek, V{\'{a}}clav},
doi = {10.1016/j.powtec.2019.09.017},
journal = {Powder Technology},
publisher = {Elsevier Science},
title = {{Analysis and discussion of two fluid modelling of pipe flow of fully suspended slurry}},
year = {2020}
}
@article{Li-2018b,
author = {Li, M Z and He, Y P and Liu, Y D and Huang, C},
doi = {10.1016/j.powtec.2018.07.088},
journal = {Powder Technology},
publisher = {Elsevier Science},
title = {{Effect of interaction of particles with different sizes on particle kinetics in multi-sized slurry transport by pipeline}},
year = {2018}
}
@article{Li-2018a,
author = {Li, Ming-zhi and He, Yan-ping and Liu, Ya-dong and Huang, Chao},
doi = {10.1016/j.oceaneng.2018.06.046},
journal = {Ocean Engineering},
pages = {691--705},
publisher = {Elsevier Science},
title = {{Hydrodynamic simulation of multi-sized high concentration slurry transport in pipelines}},
volume = {163},
year = {2018}
}
@article{singh2020computational,
author = {Singh, Mani Kanwar and Kumar, Satish and Ratha, Dwarikanath},
journal = {International Journal of Coal Preparation and Utilization},
number = {2},
pages = {116--130},
publisher = {Taylor {\&} Francis},
title = {{Computational analysis on disposal of coal slurry at high solid concentrations through slurry pipeline}},
volume = {40},
year = {2017}
}
@article{kumar2019experimental,
author = {Kumar, Navneet and Gopaliya, Manoj Kumar and Kaushal, D R},
journal = {Particulate Science and Technology},
number = {2},
pages = {232--250},
publisher = {Taylor {\&} Francis},
title = {{Experimental investigations and CFD modeling for flow of highly concentrated iron ore slurry through horizontal pipeline}},
volume = {37},
year = {2017}
}
@article{Hashemi-2016,
author = {Hashemi, Seyed A and Spelay, Ryan B and Adane, Kofi F K and {Sean Sanders}, R},
doi = {10.1002/cjce.22492},
journal = {The Canadian Journal of Chemical Engineering},
number = {6},
pages = {1059--1065},
publisher = {John Wiley and Sons},
title = {{Solids velocity fluctuations in concentrated slurries}},
volume = {94},
year = {2016}
}
@article{Gopaliya-2014,
author = {Gopaliya, Manoj Kumar and Kaushal, D R},
doi = {10.1080/02726351.2014.971988},
journal = {Particulate Science And Technology},
publisher = {Taylor and Francis Group},
title = {{Analysis of Effect of Grain Size on Various Parameters of Slurry Flow through Pipeline Using CFD}},
year = {2015}
}
@article{Messa-2015,
author = {Messa, Gianandrea Vittorio and Malavasi, Stefano},
doi = {10.1016/j.powtec.2014.10.027},
journal = {Powder Technology},
pages = {358--367},
publisher = {Elsevier Science},
title = {{Improvements in the numerical prediction of fully-suspended slurry flow in horizontal pipes}},
volume = {270},
year = {2015}
}
@article{Messa-2014,
author = {Messa, Gianandrea Vittorio and Malin, Michael and Malavasi, Stefano},
doi = {10.1016/j.powtec.2014.02.005},
journal = {Powder Technology},
pages = {61--70},
publisher = {Elsevier Science},
title = {{Numerical prediction of fully-suspended slurry flow in horizontal pipes}},
volume = {256},
year = {2014}
}
@inproceedings{Messa-2013,
author = {Messa, Gianandrea Vittorio and Malin, Michael and Malavasi, Stefano},
doi = {10.1115/pvp2013-97460},
title = {{[ASME ASME 2013 Pressure Vessels and Piping Conference - Paris, France (Sunday 14 July 2013)] Volume 4: Fluid-Structure Interaction - Numerical Prediction of Pressure Gradient of Slurry Flows in Horizontal Pipes}},
year = {2013}
}
@article{Wang-2013,
author = {Wang, Jihong and Wang, Shugang and Zhang, Tengfei and Liang, Yuntao},
doi = {10.1016/j.ijrefrig.2012.08.007},
journal = {International Journal of Refrigeration},
number = {1},
publisher = {Elsevier Science},
title = {{Numerical investigation of ice slurry isothermal flow in various pipes}},
volume = {36},
year = {2013}
}
@article{Jiang-2013,
author = {Jiang, Yuye and Zhang, Peng},
doi = {10.1002/aic.13927},
journal = {AIChE Journal},
number = {5},
pages = {1762--1773},
publisher = {American Institute of Chemical Engineers},
title = {{Pressure drop and flow pattern of slush nitrogen in a horizontal pipe}},
volume = {59},
year = {2013}
}
@article{Y.Y-2012,
author = {Jiang, Y Y and Zhang, P},
doi = {10.1016/j.ces.2012.01.027},
journal = {Chemical Engineering Science},
number = {none},
pages = {169--180},
publisher = {Elsevier Science},
title = {{Numerical investigation of slush nitrogen flow in a horizontal pipe}},
volume = {73},
year = {2012}
}
@article{D.R-2012,
author = {Kaushal, D R and Thinglas, T and Tomita, Yuji and Tsukamoto, Shigeru Kuchii; Hiroshi},
doi = {10.1016/j.ijmultiphaseflow.2012.03.005},
journal = {International Journal of Multiphase Flow},
number = {none},
pages = {85--100},
publisher = {Elsevier Science},
title = {{CFD modeling for pipeline flow of fine particles at high concentration}},
volume = {43},
year = {2012}
}
@article{bossio2009eulerian,
author = {Bossio, Boris M and Blanco, Armando J and Hernandez, Franz H},
doi = {10.1115/FEDSM2009-78019},
pages = {525--533},
publisher = {Fluids Engineering Division Summer Meeting},
title = {{Eulerian-Eulerian modeling of non-Newtonian slurries flow in horizontal pipes}},
volume = {43727},
year = {2009}
}
@article{Liangyon-2009,
author = {Chen, Liangyong and Duan, Yufeng and Pu, Wenhao and Zhao, Changsui},
doi = {10.1007/s11814-009-0190-y},
journal = {Korean Journal of Chemical Engineering},
number = {4},
publisher = {Springer US},
title = {{CFD simulation of coal-water slurry flowing in horizontal pipelines}},
volume = {26},
year = {2009}
}
@article{antaya2012modelling,
author = {Antaya, Charlene L and Adane, Kofi Freeman K and Sanders, R Sean},
institution = {American Society of Mechanical Engineers},
journal = {Fluids Engineering Division Summer Meeting},
pages = {1659--1671},
title = {{Modelling concentrated slurry pipeline flows}},
volume = {44755},
year = {2012}
}
@article{Ekambara-2009,
author = {Ekambara, Kalekudithi and Sanders, R Sean and Nandakumar, K and Masliyah, Jacob H},
doi = {10.1021/ie801505z},
journal = {Industrial {\&} Engineering Chemistry Research},
number = {17},
pages = {8159--8171},
publisher = {American Chemical Society},
title = {{Hydrodynamic Simulation of Horizontal Slurry Pipeline Flow Using ANSYS-CFX}},
volume = {48},
year = {2009}
}
@article{herna2008cfd,
author = {Hernandez, Franz H and Blanco, Armando J and Rojas-Solorzano, Luis},
journal = {Fluids Engineering Division Summer Meeting},
pages = {857--863},
title = {{CFD modeling of slurry flows in horizontal pipes}},
volume = {48401},
year = {2008}
}
@article{Silva-2016,
author = {Silva, R and Faia, P M and Garcia, F A P and Rasteiro, M G},
doi = {10.1016/j.cherd.2016.05.013},
journal = {Chemical Engineering Research and Design},
pages = {223--242},
publisher = {Institution of Chemical Engineers},
title = {{Characterization of solid–liquid settling suspensions using Electrical Impedance Tomography: A comparison between numerical, experimental and visual information}},
volume = {111},
year = {2016}
}
@article{C.X-2008,
author = {Lin, C X and Ebadian, M A},
doi = {10.1016/j.compfluid.2007.10.008},
journal = {Computers {\&} Fluids},
number = {8},
pages = {965--974},
publisher = {Elsevier Science},
title = {{A numerical study of developing slurry flow in the entrance region of a horizontal pipe}},
volume = {37},
year = {2008}
}
@article{J-2003,
author = {Ling, J and Skudarnov, P V and Lin, C X and Ebadian, M A},
doi = {10.1016/s0142-727x(03)00018-3},
journal = {International Journal of Heat and Fluid Flow},
number = {3},
pages = {389--398},
publisher = {Elsevier Science},
title = {{Numerical investigations of liquid–solid slurry flows in a fully developed turbulent flow region}},
volume = {24},
year = {2003}
}
@article{Uzi-2017,
author = {Uzi, Avi and Levy, Avi},
doi = {10.1016/j.powtec.2017.11.067},
journal = {Powder Technology},
publisher = {Elsevier Science},
title = {{Flow characteristics of coarse particles in horizontal hydraulic conveying}},
year = {2017}
}
@article{versteeg2007introduction,
author = {Versteeg, Henk Kaarle and Malalasekera, Weeratunge},
publisher = {Pearson education},
title = {{An introduction to computational fluid dynamics: the finite volume method}},
year = {2007}
}
@article{AROLLA20151,
author = {Arolla, Sunil K and Desjardins, Olivier},
doi = {10.1016/j.ijmultiphaseflow.2015.04.010},
journal = {International Journal of Multiphase Flow},
pages = {1--11},
title = {{Transport modeling of sedimenting particles in a turbulent pipe flow using Euler–Lagrange large eddy simulation}},
volume = {75},
year = {2015}
}
@article{Capecelatro-2013,
author = {Capecelatro, Jesse and Desjardins, Olivier},
doi = {10.1016/j.ijmultiphaseflow.2013.04.006},
journal = {International Journal of Multiphase Flow},
pages = {64--79},
publisher = {Elsevier Science},
title = {{Eulerian–Lagrangian modeling of turbulent liquid–solid slurries in horizontal pipes}},
volume = {55},
year = {2013}
}
@article{gopaliya-2016,
address = {Berlin},
author = {Gopaliya, Manoj Kumar and Kaushal, D R},
doi = {10.1515/johh-2016-0027},
journal = {Journal of Hydrology and Hydromechanics},
number = {3},
pages = {261--272},
publisher = {Sciendo},
title = {{Modeling of sand-water slurry flow through horizontal pipe using CFD}},
volume = {64},
year = {2016}
}
@article{Ofei-2014,
author = {Ofei, Titus N and Irawan, Sonny and Pao, William},
doi = {10.1155/2014/486423},
journal = {Journal of Petroleum Engineering},
pages = {1--16},
title = {{CFD Method for Predicting Annular Pressure Losses and Cuttings Concentration in Eccentric Horizontal Wells}},
volume = {2014},
year = {2014}
}
@article{Ofei-2016,
author = {Ofei, Titus Ntow and Ismail, Aidil Yunus},
doi = {10.1155/2016/5743471},
journal = {Journal of Petroleum Engineering},
pages = {1--10},
title = {{Eulerian-Eulerian Simulation of Particle-Liquid Slurry Flow in Horizontal Pipe}},
volume = {2016},
year = {2016}
}
@article{Liangyon-2009,
author = {Chen, Liangyong and Duan, Yufeng and Pu, Wenhao and Zhao, Changsui},
doi = {10.1007/s11814-009-0190-y},
journal = {Korean Journal of Chemical Engineering},
number = {4},
pages = {1144--1154},
publisher = {Springer US},
title = {{CFD simulation of coal-water slurry flowing in horizontal pipelines}},
volume = {26},
year = {2009}
}
@article{Akhtar-2007,
author = {Akhtar, Abid and Pareek, Vishnu and Tad{\'{e}}, Moses},
doi = {10.2202/1934-2659.1011},
journal = {Chemical Product and Process Modeling},
number = {1},
publisher = {Walter de Gruyter GmbH {\&} Co. KG},
title = {{CFD Simulations for Continuous Flow of Bubbles through Gas-Liquid Columns: Application of VOF Method}},
volume = {2},
year = {2007}
}
@article{J-2007,
author = {Dufek, J and Bergantz, G W},
doi = {10.1007/s00162-007-0041-6},
journal = {Theoretical and Computational Fluid Dynamics},
number = {2},
pages = {119--145},
publisher = {Springer},
title = {{Suspended load and bed-load transport of particle-laden gravity currents: the role of particle–bed interaction}},
volume = {21},
year = {2007}
}
@article{Al-Yaari-2011,
author = {Al-Yaari, Mohammed A and Abu-Sharkh, Basel F},
journal = {Asian Transactions on Engineering},
number = {5},
pages = {68--75},
publisher = {Citeseer},
title = {{CFD prediction of stratified oil-water flow in a horizontal pipe}},
volume = {1},
year = {2011}
}
@book{crowe-2011,
author = {Crowe, Clayton T and Schwarzkopf, John D and Sommerfeld, Martin and Tsuji, Yutaka},
publisher = {CRC press},
title = {{Multiphase flows with droplets and particles}},
year = {2011}
}
@article{Jing-2016,
author = {Jing, L and Kwok, C Y and Leung, Y F and Sobral, Y D},
doi = {10.1002/nag.2387},
journal = {International Journal for Numerical and Analytical Methods in Geomechanics},
number = {1},
pages = {62--79},
publisher = {John Wiley and Sons},
title = {{Extended CFD-DEM for free-surface flow with multi-size granules}},
volume = {40},
year = {2016}
}
@article{wanot-1996,
author = {Wanot, J},
doi = {10.1036/1097-8542.YB001340},
journal = {R{\&}D projects (1996), Germany},
title = {{Computational fluid dynamics methods in ship design}},
year = {1996}
}
@article{Bakker-2001,
author = {Bakker, Andre and Haidari, Ahmad and Oshinowo, L M},
journal = {Chemical Engineering Progress},
pages = {45--53},
title = {{Realize greater benefits from CFD}},
volume = {97},
year = {2001}
}
@article{Akhtar-2007,
author = {Akhtar, Abid and Pareek, Vishnu and Tad{\'{e}}, Moses},
doi = {10.2202/1934-2659.1011},
journal = {Chemical Product and Process Modeling},
number = {1},
publisher = {Walter de Gruyter GmbH {\&} Co. KG},
title = {{CFD Simulations for Continuous Flow of Bubbles through Gas-Liquid Columns: Application of VOF Method}},
volume = {2},
year = {2007}
}
@article{Bi-2002,
author = {Xia, Bin and Sun, DaWen},
doi = {10.1016/s0168-1699(01)00177-6},
journal = {Computers and Electronics in Agriculture},
number = {1-3},
publisher = {Elsevier Science},
title = {{Applications of computational fluid dynamics (cfd) in the food industry: a review}},
volume = {34},
year = {2002}
}
@article{Lahiri-2010,
author = {Lahiri, Sandip and Ghanta, K C},
doi = {10.2298/CICEQ091030034L},
journal = {Chemical Industry and Chemical Engineering Quarterly},
number = {4},
pages = {329--343},
publisher = {KoBSON},
title = {{Regime identification of slurry transport in pipelines: A novel modelling approach using ANN {\&} differential evolution}},
volume = {16},
year = {2010}
}
@article{Nimana-2016,
author = {Nimana, Balwinder and Verma, Aman and {Di Lullo}, Giovanni and Rahman, Md. Mustafizur and Canter, Christina E and Olateju, Babatunde and Zhang, Hao and Kumar, Amit},
doi = {10.1021/acs.est.6b02889},
journal = {Environmental Science {\&} Technology},
pages = {680--691},
publisher = {American Chemical Society},
title = {{Life Cycle Analysis of Bitumen Transportation to Refineries by Rail and Pipeline}},
year = {2016}
}
@article{elkarii2020,
author = {Elkarii, Marwane and Bouallou, Chakib and Ratnani, Ahmed},
doi = {10.1021/acs.est.6b02889},
journal = {Chemical Engineering Transactions},
pages = {757--762},
title = {{Towards Modelling a Diphasic Flow Using the CFD Technique to Achieve a Digital Twin of a Phosphate Slurry Piping Process}},
volume = {81},
year = {2020}
}
