article{elkarii2020,
doi	= {10.1021/acs.est.6b02889},
title={Towards Modelling a Diphasic Flow Using the CFD Technique to Achieve a Digital Twin of a Phosphate Slurry Piping Process},
author={Elkarii, Marwane and Bouallou, Chakib and Ratnani, Ahmed},
journal={Chemical Engineering Transactions},
volume={81},
pages={757-762},
year={2020},
}

@article{Nimana-2016,
doi	= {10.1021/acs.est.6b02889},
title	= {Life Cycle Analysis of Bitumen Transportation to Refineries by Rail and Pipeline},
author	= {Nimana, Balwinder and Verma, Aman and  Di Lullo, Giovanni and  Rahman, Md. Mustafizur and Canter, Christina E. and Olateju, Babatunde and Zhang, Hao and Kumar, Amit},
publisher	= {American Chemical Society},
journal	= {Environmental Science \& Technology},
year	= {2016},
month	= {11},
day	= {18},
pages	= {680–691},
}

@article{Lahiri-2010,
doi	= {10.2298/CICEQ091030034L},
title	= {Regime identification of slurry transport in pipelines: A novel modelling approach using ANN \& differential evolution},
author	= {Lahiri, Sandip and Ghanta, K.C.},
publisher	= {KoBSON},
journal	= {Chemical Industry and Chemical Engineering Quarterly},
year	= {2010},
volume	= {16},
issue	= {4},
pages	= {329-343},
}

@article{Bi-2002,
doi	= {10.1016/s0168-1699(01)00177-6},
title	= {Applications of computational fluid dynamics (cfd) in the food industry: a review},
author	= {Bin Xia and DaWen Sun},
publisher	= {Elsevier Science},
journal	= {Computers and Electronics in Agriculture},
issnp	= {0168-1699},
year	= {2002},
volume	= {34},
issue	= {1-3},
page	= {5-24},
}

@article{Akhtar-2007,
doi	= {10.2202/1934-2659.1011},
title	= {CFD Simulations for Continuous Flow of Bubbles through Gas-Liquid Columns: Application of VOF Method},
author	= {Akhtar, Abid and Pareek, Vishnu and  Tadé, Moses},
publisher	= {Walter de Gruyter GmbH \& Co. KG},
journal	= {Chemical Product and Process Modeling},
year	= {2007},
month	= {01},
day	= {8},
volume	= {2},
issue	= {1},
page	= {--},
}

@article{Bakker-2001,
author = {Bakker, Andre and Haidari, Ahmad and Oshinowo, L.M.},
year = {2001},
month = {03},
pages = {45-53},
title = {Realize greater benefits from CFD},
volume = {97},
journal = {Chemical Engineering Progress}
}

@article{wanot-1996,
doi	= {10.1036/1097-8542.YB001340},
title={Computational fluid dynamics methods in ship design},
author={Wanot, J},
journal={R\&D projects (1996), Germany},
year={1996}
}

@book{crowe-2011,
title={Multiphase flows with droplets and particles},
author={Crowe, Clayton T and Schwarzkopf, John D and Sommerfeld, Martin and Tsuji, Yutaka},
year={2011},
publisher={CRC press}
doi	= { 10.1201/b11103},
}

@article{Jing-2016,
doi	= {10.1002/nag.2387},
title	= {Extended CFD-DEM for free-surface flow with multi-size granules},
author	= {Jing, L. and Kwok, C. Y. and Leung, Y. F. and Sobral, Y. D.},
publisher	= {John Wiley and Sons},
journal	= {International Journal for Numerical and Analytical Methods in Geomechanics},
year	= {2016},
month	= {01},
volume	= {40},
issue	= {1},
pages	= {62-79},
}

@article{Al-Yaari-2011,
title={CFD prediction of stratified oil-water flow in a horizontal pipe},
author={Al-Yaari, Mohammed A and Abu-Sharkh, Basel F},
journal={Asian Transactions on Engineering},
volume={1},
number={5},
pages={68--75},
year={2011},
publisher={Citeseer}
}

@article{Akhtar-2007,
doi	= {10.2202/1934-2659.1011},
title	= {CFD Simulations for Continuous Flow of Bubbles through Gas-Liquid Columns: Application of VOF Method},
author	= {Akhtar, Abid and  Pareek, Vishnu and Tadé, Moses},
publisher	= {Walter de Gruyter GmbH \& Co. KG},
journal	= {Chemical Product and Process Modeling},
year	= {2007},
month	= {01},
day	= {8},
volume	= {2},
issue	= {1},
page	= {--},
}

@article{J-2007,
doi	= {10.1007/s00162-007-0041-6},
title	= {Suspended load and bed-load transport of particle-laden gravity currents: the role of particle–bed interaction},
author	= {J. Dufek and G. W. Bergantz},
publisher	= {Springer},
journal	= {Theoretical and Computational Fluid Dynamics},
year	= {2007},
month	= {03},
volume	= {21},
issue	= {2},
pages	= {119-145},
}

@article{Liangyon-2009,
doi	= {10.1007/s11814-009-0190-y},
title	= {CFD simulation of coal-water slurry flowing in horizontal pipelines},
author	= {Liangyong Chen and  Yufeng Duan and  Wenhao Pu and Changsui Zhao},
publisher	= {Springer US},
journal	= {Korean Journal of Chemical Engineering},
year	= {2009},
month	= {07},
volume	= {26},
issue	= {4},
pages	= {1144-1154},
}

@article{Ofei-2016,
doi	= {10.1155/2016/5743471},
title	= {Eulerian-Eulerian Simulation of Particle-Liquid Slurry Flow in Horizontal Pipe},
author	= {Ofei, Titus Ntow and Ismail, Aidil Yunus},
journal	= {Journal of Petroleum Engineering},
year	= {2016},
volume	= {2016},
pages	= {1-10},
}

@article{Ofei-2014,
doi	= {10.1155/2014/486423},
title	= {CFD Method for Predicting Annular Pressure Losses and Cuttings Concentration in Eccentric Horizontal Wells},
author	= {Ofei, Titus N. and  Irawan, Sonny and  Pao, William},
journal	= {Journal of Petroleum Engineering},
year	= {2014},
volume	= {2014},
pages	= {1-16},
}

@article { gopaliya-2016,
author = {Manoj Kumar Gopaliya and D.R. Kaushal},
title = {Modeling of sand-water slurry flow through horizontal pipe using CFD},
journal = {Journal of Hydrology and Hydromechanics},
year = {2016},
publisher = {Sciendo},
address = {Berlin},
volume = {64},
number = {3},
doi ={10.1515/johh-2016-0027},
pages=      {261 - 272},

}

@article{Capecelatro-2013,
doi	= {10.1016/j.ijmultiphaseflow.2013.04.006},
title	= {Eulerian–Lagrangian modeling of turbulent liquid–solid slurries in horizontal pipes},
author	= {Capecelatro, Jesse and Desjardins, Olivier},
publisher	= {Elsevier Science},
journal	= {International Journal of Multiphase Flow},
year	= {2013},
month	= {10},
volume	= {55},
pages	= {64-79},
}

@article{AROLLA20151,
title = {Transport modeling of sedimenting particles in a turbulent pipe flow using Euler–Lagrange large eddy simulation},
journal = {International Journal of Multiphase Flow},
volume = {75},
pages = {1 - 11},
year = {2015},
doi = {10.1016/j.ijmultiphaseflow.2015.04.010},
author ={Sunil K. Arolla and Olivier Desjardins},
}
@article{versteeg2007introduction,
title={An introduction to computational fluid dynamics: the finite volume method},
author={Versteeg, Henk Kaarle and Malalasekera, Weeratunge},
year={2007},
publisher={Pearson education}
}
@article{Uzi-2017,
doi	= {10.1016/j.powtec.2017.11.067},
title	= {Flow characteristics of coarse particles in horizontal hydraulic conveying},
author	= {Uzi, Avi and Levy, Avi},
publisher	= {Elsevier Science},
journal	= {Powder Technology},
year	= {2017},
month	= {12},
page	= {S0032591017309476--},
}
@article{J-2003,
doi	= {10.1016/s0142-727x(03)00018-3},
title	= {Numerical investigations of liquid–solid slurry flows in a fully developed turbulent flow region},
author	= {J. Ling and P.V. Skudarnov and C.X. Lin and M.A. Ebadian},
publisher	= {Elsevier Science},
journal	= {International Journal of Heat and Fluid Flow},
year	= {2003},
volume	= {24},
issue	= {3},
pages	= {389-398},
}

@article{C.X-2008,
doi	= {10.1016/j.compfluid.2007.10.008},
title	= {A numerical study of developing slurry flow in the entrance region of a horizontal pipe},
author	= {C.X. Lin and  M.A. Ebadian},
publisher	= {Elsevier Science},
journal	= {Computers \& Fluids},
year	= {2008},
volume	= {37},
issue	= {8},
pages	= {965-974},
}

@article{Silva-2016,
doi	= {10.1016/j.cherd.2016.05.013},
title	= {Characterization of solid–liquid settling suspensions using Electrical Impedance Tomography: A comparison between numerical, experimental and visual information},
author	= {Silva, R. and  Faia, P.M. and  Garcia, F.A.P. and Rasteiro, M.G.},
publisher	= {Institution of Chemical Engineers},
journal	= {Chemical Engineering Research and Design},
year	= {2016},
month	= {07},
volume	= {111},
pages	= {223-242},
}
@article{herna2008cfd,
title={CFD modeling of slurry flows in horizontal pipes},
author={Hernandez, Franz H and Blanco, Armando J and Rojas-Solorzano, Luis},
booktitle={Fluids Engineering Division Summer Meeting},
volume={48401},
pages={857-863},
year={2008}
}
@article{Ekambara-2009,
doi	= {10.1021/ie801505z},
title	= {Hydrodynamic Simulation of Horizontal Slurry Pipeline Flow Using ANSYS-CFX},
author	= {Ekambara, Kalekudithi and Sanders, R. Sean and  Nandakumar, K. and Masliyah, Jacob H.},
publisher	= {American Chemical Society},
journal	= {Industrial \& Engineering Chemistry Research},
year	= {2009},
month	= {09},
day	= {02},
volume	= {48},
issue	= {17},
pages	= {8159-8171},
}

@article{antaya2012modelling,
title={Modelling concentrated slurry pipeline flows},
author={Antaya, Charlene L and Adane, Kofi Freeman K and Sanders, R Sean},
booktitle={Fluids Engineering Division Summer Meeting},
volume={44755},
pages={1659-1671},
year={2012},
organization={American Society of Mechanical Engineers},
doi	= { 10.1115/FEDSM2012-72379}
}

@article{Liangyon-2009,
doi	= {10.1007/s11814-009-0190-y},
title	= {CFD simulation of coal-water slurry flowing in horizontal pipelines},
author	= {Liangyong Chen and Yufeng Duan and Wenhao Pu and Changsui Zhao},
publisher	= {Springer US},
journal	= {Korean Journal of Chemical Engineering},
year	= {2009},
month	= {07},
volume	= {26},
issue	= {4},
page	= {1144-1154},
}

@article{bossio2009eulerian,
title={Eulerian-Eulerian modeling of non-Newtonian slurries flow in horizontal pipes},
author={Bossio, Boris M and Blanco, Armando J and Hernandez, Franz H},
publisher={Fluids Engineering Division Summer Meeting},
volume={43727},
pages={525-533},
year={2009},
doi	= { 10.1115/FEDSM2009-78019}
}
@article{D.R-2012,
doi	= {10.1016/j.ijmultiphaseflow.2012.03.005},
title	= {CFD modeling for pipeline flow of fine particles at high concentration},
author	= {D.R. Kaushal and  T. Thinglas and Yuji Tomita and Shigeru Kuchii; Hiroshi Tsukamoto},
publisher	= {Elsevier Science},
journal	= {International Journal of Multiphase Flow},
year	= {2012},
volume	= {43},
issue	= {none},
pages	= {85-100},
}
@article{Y.Y-2012,
doi	= {10.1016/j.ces.2012.01.027},
title	= {Numerical investigation of slush nitrogen flow in a horizontal pipe},
author	= {Y.Y. Jiang and  P. Zhang},
publisher	= {Elsevier Science},
journal	= {Chemical Engineering Science},
year	= {2012},
volume	= {73},
issue	= {none},
pages	= {169-180},
}
@article{Jiang-2013,
doi	= {10.1002/aic.13927},
title	= {Pressure drop and flow pattern of slush nitrogen in a horizontal pipe},
author	= {Jiang, Yuye and Zhang, Peng},
publisher	= {American Institute of Chemical Engineers},
journal	= {AIChE Journal},
year	= {2013},
month	= {05},
volume	= {59},
issue	= {5},
pages	= {1762-1773},
}
@article{Wang-2013,
doi	= {10.1016/j.ijrefrig.2012.08.007},
title	= {Numerical investigation of ice slurry isothermal flow in various pipes},
author	= {Wang, Jihong and  Wang, Shugang and Zhang, Tengfei and Liang, Yuntao},
publisher	= {Elsevier Science},
journal	= {International Journal of Refrigeration},
year	= {2013},
month	= {1},
volume	= {36},
issue	= {1},
page	= {70-80},
}
@inproceedings{Messa-2013,
doi	= {10.1115/pvp2013-97460},
title	= { [ASME ASME 2013 Pressure Vessels and Piping Conference - Paris, France (Sunday 14 July 2013)] Volume 4: Fluid-Structure Interaction - Numerical Prediction of Pressure Gradient of Slurry Flows in Horizontal Pipes},
author	= {Messa, Gianandrea Vittorio and Malin, Michael and Malavasi, Stefano},
year	= {2013},
page	= {V004T04A006--},
}

@article{Messa-2014,
doi	= {10.1016/j.powtec.2014.02.005},
title	= {Numerical prediction of fully-suspended slurry flow in horizontal pipes},
author	= {Messa, Gianandrea Vittorio and Malin, Michael and Malavasi, Stefano},
publisher	= {Elsevier Science},
journal	= {Powder Technology},
year	= {2014},
month	= {04},
volume	= {256},
pages	= {61-70},
}
@article{Messa-2015,
doi	= {10.1016/j.powtec.2014.10.027},
title	= {Improvements in the numerical prediction of fully-suspended slurry flow in horizontal pipes},
author	= {Messa, Gianandrea Vittorio and Malavasi, Stefano},
publisher	= {Elsevier Science},
journal	= {Powder Technology},
year	= {2015},
month	= {01},
volume	= {270},
pages	= {358-367},
}
@article{Gopaliya-2014,
doi	= {10.1080/02726351.2014.971988},
title	= {Analysis of Effect of Grain Size on Various Parameters of Slurry Flow through Pipeline Using CFD},
author	= {Gopaliya, Manoj Kumar and  Kaushal, D. R.},
publisher	= {Taylor and Francis Group},
journal	= {Particulate Science And Technology},
year	= {2015},
month	= {10},
day	= {20},
page	= {150527101517007--},
}

@article{Hashemi-2016,
doi	= {10.1002/cjce.22492},
title	= {Solids velocity fluctuations in concentrated slurries},
author	= {Hashemi, Seyed A. and  Spelay, Ryan B. and Adane, Kofi F. K. and Sean Sanders, R.},
publisher	= {John Wiley and Sons},
journal	= {The Canadian Journal of Chemical Engineering},
year	= {2016},
month	= {06},
volume	= {94},
issue	= {6},
pages	= {1059-1065},
}
@article{kumar2019experimental,
title={Experimental investigations and CFD modeling for flow of highly concentrated iron ore slurry through horizontal pipeline},
author={Kumar, Navneet and Gopaliya, Manoj Kumar and Kaushal, DR},
journal={Particulate Science and Technology},
volume={37},
number={2},
pages={232-250},
year={2017},
publisher={Taylor \& Francis}
doi	= {10.1080/02726351.2017.1364313},

}
@article{singh2020computational,
title={Computational analysis on disposal of coal slurry at high solid concentrations through slurry pipeline},
author={Singh, Mani Kanwar and Kumar, Satish and Ratha, Dwarikanath},
journal={International Journal of Coal Preparation and Utilization},
volume={40},
number={2},
pages={116--130},
year={2017},
publisher={Taylor \& Francis}
doi	= {10.1080/19392699.2017.1346632},
}

@article{Li-2018a,
doi	= {10.1016/j.oceaneng.2018.06.046},
title	= {Hydrodynamic simulation of multi-sized high concentration slurry transport in pipelines},
author	= {Li, Ming-zhi and He, Yan-ping and Liu, Ya-dong and Huang, Chao},
publisher	= {Elsevier Science},
journal	= {Ocean Engineering},
year	= {2018},
month	= {07},
volume	= {163},
pages	= {691-705},
}
@article{Li-2018b,
doi	= {10.1016/j.powtec.2018.07.088},
title	= {Effect of interaction of particles with different sizes on particle kinetics in multi-sized slurry transport by pipeline},
author	= {Li, M.Z. and He, Y.P. and Liu, Y.D. and Huang, C.},
publisher	= {Elsevier Science},
journal	= {Powder Technology},
year	= {2018},
month	= {09},
}

@article{Messa-2020,
doi	= {10.1016/j.powtec.2019.09.017},
title	= {Analysis and discussion of two fluid modelling of pipe flow of fully suspended slurry},
author	= {Messa, Gianandrea Vittorioa and  Matoušek, Václav},
publisher	= {Elsevier Science},
journal	= {Powder Technology},
year	= {2020},
month	= {9},
page	= {S0032591019307429--},

}
@article{M-1983,
doi	= {10.1002/cjce.5450610402},
title	= {Modeling of slurry flow: The effect of particle size},
author	= {M. C. Roco and C. A. Shook},
publisher	= {John Wiley and Sons},
journal	= {The Canadian Journal of Chemical Engineering},
year	= {1983},
volume	= {61},
issue	= {4},
pages	= {494-503},
}
@article{Jaso-2000,
doi	= {10.1002/cjce.5450780414},
title	= {The effect of particle shape on pipeline friction for newtonian slurries of fine particles},
author	= {Jason Schaan and Robert J. Sumner and  Randall G. Gillies and Clifton A. Shook},
publisher	= {John Wiley and Sons},
journal	= {The Canadian Journal of Chemical Engineering},
year	= {2000},
volume	= {78},
issue	= {4},
page	= {717-725},
}
@article{V-2002,
doi	= {10.1016/s0894-1777(02)00176-0},
title	= {Pressure drops and flow patterns in sand-mixture pipes},
author	= {V. Matousek},
publisher	= {Elsevier Science},
journal	= {Experimental Thermal and Fluid Science},
year	= {2002},
volume	= {26},
issue	= {6-7},
page	= {693-702},
}
@article{Randal-2000,
doi	= {10.1002/cjce.5450780413},
title	= {Modelling high concentration settling slurry flows},
author	= {Randall G. Gillies and Clifton A. Shook},
publisher	= {John Wiley and Sons},
journal	= {The Canadian Journal of Chemical Engineering},
year	= {2000},
volume	= {78},
issue	= {4},
page	= {709--716},
}
@article{Randal-2004,
doi	= {10.1002/cjce.5450820523},
title	= {Modelling Heterogeneous Slurry Flows at High Velocities},
author	= {Randall G. Gillies and Clifton A. Shook and  Jihuai Xu},
publisher	= {John Wiley and Sons},
journal	= {The Canadian Journal of Chemical Engineering},
year	= {2004},
volume	= {82},
issue	= {5},
page	= {1060--1065},
}

@article{D.R-2005,
doi	= {10.1016/j.ijmultiphaseflow.2005.03.003},
title	= {Effect of particle size distributioav on pressure drop and concentration profile in pipeline flow of highly concentrated slurry},
author	= {D.R. Kaushal and Kimihiko Sato and  Takeshi Toyota and Katsuya Funatsu; Yuji Tomita},
publisher	= {Elsevier Science},
journal	= {International Journal of Multiphase Flow},
year	= {2005},
volume	= {31},
issue	= {7},
pages	= {809-823},
}

@article{D.R-2007,
doi	= {10.1016/j.powtec.2006.11.020},
title	= {Experimental investigation for near-wall lift of coarser particles in slurry pipeline using γ-ray densitometer},
author	= {D.R. Kaushal and Yuji Tomita},
publisher	= {Elsevier Science},
journal	= {Powder Technology},
year	= {2007},
volume	= {172},
issue	= {3},
pages	= {177-187},
}

@article{Kumar,
title = {Effect of particle gradation on flow characteristics of ash disposal pipelines},
author = {Umesh Kumar and R. Mishra and Singh, {S. N.} and V. Seshadri},
year = {200},
month = {5},
doi = {10.1016/S0032-5910(03)00045-7},
volume = {132},
pages = {39-51},
journal = {Powder Technology},
publisher = {Elsevier},
number = {1},
}


@article{jiang2013pressure,
title={Pressure drop and flow pattern of slush nitrogen in a horizontal pipe},
author={Jiang, Yuye and Zhang, Peng},
journal={AIChE journal},
volume={59},
number={5},
pages={1762-1773},
year={2013},
publisher={Wiley Online Library}
doi	= {10.1002/aic.13927},  
}


@article{C.A-1994,
doi	= {10.1016/0032-5910(94)02877-x},
title	= {Particle—wall stresses in vertical slurry flows},
author	= {C.A. Shook and  A.S. Bartosik},
publisher	= {Elsevier Science},
journal	= {Powder Technology},
year	= {1994},
volume	= {81},
issue	= {2},
pages	= {117-124},
}
@article{Kaushal-2013,
doi	= {10.1016/j.ijmultiphaseflow.2012.12.009},
title	= {Flow of mono-dispersed particles through horizontal bend},
author	= {Kaushal, D.R. and Kumar, A. and Tomita, Yuji and Kuchii, Shigeru and Tsukamoto, Hiroshi},
publisher	= {Elsevier Science},
journal	= {International Journal of Multiphase Flow},
year	= {2013},
month	= {6},
volume	= {52},
pages	= {71-91},
}
@article{matousek,
author = {Matoušek, Václav and Krupička, Jan and Konfršt, Jiří and Penik, Vojtech},
year = {2013},
month = {09},
pages = {},
title = {Internal structure of settling-slurry flows: solids distribution and friction in horizontal pipe}
}


@article{Ohira-2015,
doi	= {10.1016/j.phpro.2015.06.115},
title	= {Pressure-drop Reduction and Heat-transfer Deterioration of Slush Nitrogen in Square Pipe flow},
author	= {Ohira, Katsuhide and  Nakagomi, Kei and Takahashi, Koichi and Aoki, Itsuo},
journal	= {Physics Procedia},
year	= {2015},
volume	= {67},
pages	= {681-686},
}

@article{Gonzalez-2017, 
title={Numerical Simulation of Slurry Flows in Heterogeneous and Saltation Regimes in Horizontal Pipelines}, 
volume = {57}, 
doi = {10.3303/CET1757214}, 
journal = {Chemical Engineering Transactions}, 
author = {González, J. and Sabirgalieva, N. and Rojas-Solorzano, L. and Zarruk, G.}, 
year={2017},
month = {March}, 
pages = {1279-1284},
}

@article{GID-1994,
doi	= {10.1002/cjce.5450730523},
title	= {Multiphase flow and fluidization: Continuum and kinetic theory descriptions by D. Gidaspow},
author	= {Gidaspow, .D},
publisher	= {John Wiley and Sons},
journal	= {The Canadian Journal of Chemical Engineering},
year	= {1994},
volume	= {73},
issue	= {5},
pages	= {784-784},
}
@article{Lun_1984,
author = {Lun , C. and Savage, Stuart and Jeffrey, David and Chepurniy , N. },
year = {1984},
month = {03},
pages = {223 - 256},
title = {Kinetic theories for granular flow: Inelastic particles in Couette flow and slightly inelastic particles in a general flowfield},
volume = {140},
journal = {Journal of Fluid Mechanics},
doi = {10.1017/S0022112084000586}
}
@article{lun1986,
title={The effects of an impact velocity dependent coefficient of restitution on stresses developed by sheared granular materials},
author={Lun, CKK and Savage, SB},
journal={Acta Mechanica},
volume={63},
number={1-4},
pages={15-44},
year={1986},
publisher={Springer},
doi	= {10.1007/BF01182538},
}
@article{symlal1993,
title = {MFIX documentation theory guide},
author = {Syamlal, M and Rogers, W and O`Brien, T J},
doi = {10.2172/10145548},
journal = {},
place = {United States},
year = {1993},
month = {12}
}

@article{henrya,
doi	= {10.1002/aic.690430402},
title	= {Effects of particle-phase turbulence in gas-solid flows},
author	= {Christine M. Hrenya and Jennifer L. Sinclair},
publisher	= {American Institute of Chemical Engineers},
journal	= {AIChE Journal},
year	= {1997},
volume	= {43},
issue	= {4},
pages	= {853-869},
}

@article{Carnahan-1969,
doi	= {10.1063/1.1672048},
title	= {Equation of State for Nonattracting Rigid Spheres},
author	= {Carnahan, Norman F. and Starling, Kenneth E. },
publisher	= {American Institute of Physics},
journal	= {The Journal of Chemical Physics},
year	= {1969},
volume	= {51},
issue	= {2},
pages	= {635-0},
}
@article{sinclair-1989,
doi	= {10.1002/aic.690350908},
title	= {Gas-particle flow in a vertical pipe with particle-particle interactions},
author	= {J. L. Sinclair and R. Jackson},
publisher	= {American Institute of Chemical Engineers},
journal	= {AIChE Journal},
year	= {1989},
volume	= {35},
issue	= {9},
pages	= {1473-1486},
}
@article{Johnson-1987,
doi	= {10.1017/S0022112087000570},
title	= {Frictional–collisional constitutive relations for granular materials, with application to plane shearing},
author	= {Johnson, P. C. and  Jackson, R.},
publisher	= {Cambridge University Press},
journal	= {Journal of Fluid Mechanics},
year	= {1987},
month	= {3},
volume	= {176},
pages	= {1-67},
}
@article{shafer-1987,
doi	= {10.1016/0022-0396(87)90038-6},
title	= {Instability in the evolution equations describing incompressible granular flow},
author	= {David G Schaeffer},
publisher	= {Elsevier Science},
journal	= {Journal of Differential Equations},
year	= {1987},
volume	= {66},
issue	= {1},
pages	= {19-50},
}
@article{enwalid-1996,
doi	= {10.1016/s0301-9322(96)90004-x},
title	= {Eulerian two-phase flow theory applied to fluidization},
author	= {H Enwald and E Peirano and A.-E Almstedt},
publisher	= {Elsevier Science},
journal	= {International Journal of Multiphase Flow},
year	= {1996},
volume	= {22},
pages	= {21-66},
}

@article{ergun-1952,
doi	= {10.1016/s0301-9322(96)90004-x},
title	= {Fluid flow through packed columns},
author	= {Sabri Ergun},
journal	= {Chemical Engineering Progress},
year	= {1952},
volume	= {48},
pages	= {89–94},
}


@article{schiller1933,
title={{\"U}ber die grundlegenden Berechnungen bei der Schwerkraftaufbereitung},
author={Schiller, L and Naumann, A},
journal={Z. Vereines Deutscher Inge.},
volume={77},
pages={318-321},
year={1933}
}

@article{wen1966,
title={Mechanics of Fluidization},
author={Wen, C.Y. and Yu, Y.H.},
journal={The Chemical Engineering Progress Symposium Series},
volume={162},
pages={ 100-111},
year={1966}
}

@article{Syamlal87,
author = {M. Syamlal and Thomas J. O'Brien},
title = {The Derivation of a Drag Coefficient Formula from Velocity-Voidage Correlations. Unpublished report},
year = {1987}
}

@article{van2000derivation,
title={Derivation, implementation, and validation of computer simulation models for gas-solid fluidized beds},
author={van Wachem, Berend Gerardus Michiel},
year={2000}
}
@article{Gidaspow-1983,
doi	= {10.1021/i100010a008},
title	= {Fluidization in two-dimensional beds with a jet. 2. Hydrodynamic modeling},
author	= {Gidaspow, Dimitri and Ettehadieh, Bozorg},
publisher	= {American Chemical Society},
journal	= {Industrial \& Engineering Chemistry Fundamentals},
year	= {1983},
month	= {05},
volume	= {22},
issue	= {2},
pages	= {193-201},
}

@article{richard,
doi	= {10.1016/S0263-8762(97)80006-8},
title={Sedimentation and fluidization: Part I},
author={JF Richardson and WN Zaki},
journal={Trans. I Chem. Eng},
volume={32},
pages={35},
year={1954}
}

@article{Launder-1973,
doi	= {10.1002/zamm.19730530619},
title	= { Mathematical Models of Turbulence},
author	= {B. E. Launder and D. B. Spalding},
publisher	= {John Wiley and Sons},
journal	= {ZAMM - Journal of Applied Mathematics and Mechanics / Zeitschrift für Angewandte Mathematik und Mechanik},
year	= {1973},
volume	= {53},
issue	= {6},
pages	= {424-424},
}

@article{Victo-1986,
doi	= {10.1007/bf01061452},
title	= {Renormalization group analysis of turbulence. I. Basic theory},
author	= {Victor Yakhot and Steven A. Orszag},
publisher	= {Springer US},
journal	= {Journal of Scientific Computing},
year	= {1986},
volume	= {1},
issue	= {1},
pages	= {3-51},
}

@article{wilcox1998turbulence,
title={Turbulence modeling for CFD},
author={Wilcox, David C},
volume={2},
year={1998},
publisher={DCW industries La Canada, CA}
}
@article{versteeg2007introduction,
title={An introduction to computational fluid dynamics: the finite volume method},
author={Versteeg, Henk Kaarle and Malalasekera, Weeratunge},
year={2007},
publisher={Pearson education}
}

@article{Pha-2008,
doi	= {10.1051/lhb:2008025},
title	= {Expérimentation par IRM et modélisation par éléments finis de la sédimentation-consolidation des vases},
author	= {Pham Van Bang, Damien and Lefrançois, Emmanuel and Sergent, Philippe and  Bertrand, François},
publisher	= {EDP Sciences},
journal	= {La Houille Blanche},
year	= {2008},
month	= {06},
issue	= {3},
pages	= {39-44},
}
@article{chauchat,
author = {Chauchat, Julien and Cheng, Zhen and Nagel, Tim and Bonamy, Cyrille and Hsu, Tian-Jian},
year = {2017},
month = {11},
pages = {4367-4392},
title = {SedFoam-2.0: A 3-D two-phase flow numerical model for sediment transport},
volume = {10},
journal = {Geoscientific Model Development},
doi = {10.5194/gmd-10-4367-2017}
}


@article{Rabhi,
author = {Rabhi, A. and Chkifa, A. and Benjelloun, S. and Latifi, A.},
year = {2018},
pages = {229–234},
title = {Surrogate-based modeling in flotation processes},
volume = {43},
journal = {Computer Aided chemical engineering},
doi = {}
}

@article{Cisternas,
author = {Cisternas, Luis A.  and Lucay, Freddy A.  and Botero, Yesica L.},
year = {2020},
pages = {22},
title = {Trends in Modeling, Design, and Optimization of Multiphase Systems in Minerals Processing},
volume = {10},
journal = {Minerals},
doi = {https://doi.org/10.3390/min10010022}
}

@article{Seong,
author = {Seong, Yongho and Park, Changhyup  and Choi, Jinho and Jang, Ilsik },
year = {2020},
pages = {968},
title = {Surrogate Model with a Deep Neural Network toEvaluate Gas–Liquid Flow in a Horizontal Pipe},
volume = {13},
journal = {Energies},
doi = {doi:10.3390/en1304096}
}

@article{zhong2015,
title={The difference between specularity coefficient of 1 and no-slip solid phase wall boundary conditions in CFD simulation of gas--solid fluidized beds},
author={Zhong, Hanbin and Lan, Xingying and Gao, Jinsen and Zheng, Yajun and Zhang, Zhiping},
journal={Powder Technology},
volume={286},
pages={740--743},
year={2015},
publisher={Elsevier},
doi = {doi:10.1016/j.powtec.2015.08.055}
}

@article{zhao2016,
title={A specularity coefficient model and its application to dense particulate flow simulations},
author={Zhao, Yunhua and Ding, Tianqiang and Zhu, Liangyou and Zhong, Yingjie},
journal={Industrial \& Engineering Chemistry Research},
volume={55},
number={5},
pages={1439--1448},
year={2016},
publisher={ACS Publications},
doi = {doi:10.1021/acs.iecr.5b03792}
}

@article{li2013,
title={Evaluation of wall boundary condition parameters for gas--solids fluidized bed simulations},
author={Li, Tingwen and Benyahia, Sofiane},
journal={AIChE Journal},
volume={59},
number={10},
pages={3624--3632},
year={2013},
publisher={Wiley Online Library},
doi = {doi:10.1002/aic.14132}
}

@article{ehsani2016,
title={The effect of particle properties on the heat transfer characteristics of a liquid--solid fluidized bed heat exchanger},
author={Ehsani, Mehran and Movahedirad, Salman and Shahhosseini, Shahrokh},
journal={International Journal of Thermal Sciences},
volume={102},
pages={111--121},
year={2016},
publisher={Elsevier},
doi = {doi:10.1002/ceat.201400744}
}


@article{passalacqua2011implementation,
title={Implementation of an iterative solution procedure for multi-fluid gas--particle flow models on unstructured grids},
author={Passalacqua, A. and Fox, R. O.},
journal={Powder Technology},
volume={213},
number={1-3},
pages={174--187},
year={2011},
publisher={Elsevier}
}

@book{drew2006theory,
title={Theory of multicomponent fluids},
author={Drew, D. A. and Passman, S. L.},
volume={135},
year={2006},
publisher={Springer Science \& Business Media}
}


@article{elkarii2020towards,
title={Towards Modelling a Diphasic Flow Using the {CFD} Technique to Achieve a Digital Twin of a {P}hosphate Slurry Piping Process},
author={Elkarii, M. and Bouallou, C. and Ratnani, A.},
journal={Chemical Engineering Transactions},
volume={81},
pages={757--762},
year={2020}
}

@article{maxey1983equation,
title={Equation of motion for a small rigid sphere in a nonuniform flow},
author={Maxey, M. R. and Riley, J. J.},
journal={The Physics of Fluids},
volume={26},
number={4},
pages={883--889},
year={1983},
publisher={American Institute of Physics}
}


@article{schiller1933grundlegenden,
title={{\"U}ber die grundlegenden Berechnungen bei der Schwerkraftaufbereitung},
author={Schiller, L.},
journal={Z. Vereines Deutscher Inge.},
volume={77},
pages={318--321},
year={1933}
}


@inproceedings{mendygarin2017eulerian,
title={Eulerian-Eulerian Multiphase Modeling of Blood Cells Segregation in Flow Through Microtubes},
author={Mendygarin, Y. and Rojas-Sol{\'o}rzano, L. R. and Kussaiyn, N. and Supiyev, R. and Zhussupbekov, M.},
booktitle={ASME International Mechanical Engineering Congress and Exposition},
volume={58363},
pages={V003T04A020},
year={2017},
organization={American Society of Mechanical Engineers}
}


@book{gidaspow1994multiphase,
title={Multiphase flow and fluidization: continuum and kinetic theory descriptions},
author={Gidaspow, D.},
year={1994},
publisher={Academic press}
}

@article{schiller1933drag,
title={A drag coefficient correlation},
author={Schiller, L. and Nauman, A.},
journal={Zeit. Ver. Deutsch. Ing.},
volume={77},
pages={318--320},
year={1933}
}

@article{auton1988force,
title={The force exerted on a body in inviscid unsteady non-uniform rotational flow},
author={Auton, T. R. and Hunt, J. C. R. and Prud'Homme, M.},
journal={Journal of Fluid Mechanics},
volume={197},
pages={241--257},
year={1988},
publisher={Cambridge University Press}
}


@article{wen1966generalized,
title={A generalized method for predicting the minimum fluidization velocity},
author={Wen, C. Y. and Yu, Y. H.},
journal={AIChE Journal},
volume={12},
number={3},
pages={610--612},
year={1966},
publisher={American Institute of chemical engineers New York}
}