%% This BibTeX bibliography file was created using BibDesk.
%% https://bibdesk.sourceforge.io/

%% Created for Mac at 2021-11-08 11:08:42 +0100 


%% Saved with string encoding Unicode (UTF-8) 



@article{Turian1977,
	author = {Turian, Raffi M and Yuan, Tran-Fu},
	date-added = {2021-11-08 10:53:20 +0100},
	date-modified = {2021-11-08 10:55:07 +0100},
	doi = {10.1002/aic.690230305},
	journal = {AIChE Journal},
	number = {3},
	pages = {232-243},
	title = {Flow of slurries in pipelines},
	volume = {23},
	year = {1977}}


@article{Newitt1955,
	author = {Newitt,D.M. Richardson, J.F., Abbott, M. and Turtle, R.B.},
	date-added = {2021-11-08 10:41:18 +0100},
	date-modified = {2021-11-08 10:50:06 +0100},
	journal = {Trans. Instn Chem. Engrs},
	pages = {93-110},
	title = {Hydraulic conveying of solids in horizontal pipes},
	volume = {33},
	year = {1955}}

@inproceedings{Durand1953,
	author = {Durand, Rj},
	booktitle = {Proceedings: Minnesota International Hydraulic Convention},
	date-added = {2021-11-08 10:30:26 +0100},
	date-modified = {2021-11-08 10:39:08 +0100},
	organization = {ASCE},
	pages = {89--103},
	title = {Basic Relationships of the Trnsportation of solids in Pipes-Experimental Research},
	year = {1953}}

@article{elkarii2020,
	author = {Elkarii, Marwane and Bouallou, Chakib and Ratnani, Ahmed},
	doi = {10.1021/acs.est.6b02889},
	journal = {Chemical Engineering Transactions},
	pages = {757-762},
	title = {Towards Modelling a Diphasic Flow Using the CFD Technique to Achieve a Digital Twin of a Phosphate Slurry Piping Process},
	volume = {81},
	year = {2020},
	bdsk-url-1 = {https://doi.org/10.1021/acs.est.6b02889}}

@article{Nimana-2016,
	author = {Nimana, Balwinder and Verma, Aman and Di Lullo, Giovanni and Rahman, Md. Mustafizur and Canter, Christina E. and Olateju, Babatunde and Zhang, Hao and Kumar, Amit},
	day = {18},
	doi = {10.1021/acs.est.6b02889},
	journal = {Environmental Science \& Technology},
	month = {11},
	pages = {680--691},
	publisher = {American Chemical Society},
	title = {Life Cycle Analysis of Bitumen Transportation to Refineries by Rail and Pipeline},
	year = {2016},
	bdsk-url-1 = {https://doi.org/10.1021/acs.est.6b02889}}

@article{Lahiri-2010,
	author = {Lahiri, Sandip and Ghanta, K.C.},
	doi = {10.2298/CICEQ091030034L},
	issue = {4},
	journal = {Chemical Industry and Chemical Engineering Quarterly},
	pages = {329-343},
	publisher = {KoBSON},
	title = {Regime identification of slurry transport in pipelines: A novel modelling approach using ANN \& differential evolution},
	volume = {16},
	year = {2010},
	bdsk-url-1 = {https://doi.org/10.2298/CICEQ091030034L}}

@article{Bi-2002,
	author = {Bin Xia and DaWen Sun},
	doi = {10.1016/s0168-1699(01)00177-6},
	issnp = {0168-1699},
	issue = {1-3},
	journal = {Computers and Electronics in Agriculture},
	page = {5-24},
	publisher = {Elsevier Science},
	title = {Applications of computational fluid dynamics (cfd) in the food industry: a review},
	volume = {34},
	year = {2002},
	bdsk-url-1 = {https://doi.org/10.1016/s0168-1699(01)00177-6}}

@article{Akhtar-2007,
	author = {Akhtar, Abid and Pareek, Vishnu and Tad{\'e}, Moses},
	day = {8},
	doi = {10.2202/1934-2659.1011},
	issue = {1},
	journal = {Chemical Product and Process Modeling},
	month = {01},
	page = {--},
	publisher = {Walter de Gruyter GmbH \& Co. KG},
	title = {CFD Simulations for Continuous Flow of Bubbles through Gas-Liquid Columns: Application of VOF Method},
	volume = {2},
	year = {2007},
	bdsk-url-1 = {https://doi.org/10.2202/1934-2659.1011}}

@article{Bakker-2001,
	author = {Bakker, Andre and Haidari, Ahmad and Oshinowo, L.M.},
	journal = {Chemical Engineering Progress},
	month = {03},
	pages = {45-53},
	title = {Realize greater benefits from CFD},
	volume = {97},
	year = {2001}}

@article{wanot-1996,
	author = {Wanot, J},
	doi = {10.1036/1097-8542.YB001340},
	journal = {R\&D projects (1996), Germany},
	title = {Computational fluid dynamics methods in ship design},
	year = {1996},
	bdsk-url-1 = {https://doi.org/10.1036/1097-8542.YB001340}}

@article{Jing-2016,
	author = {Jing, L. and Kwok, C. Y. and Leung, Y. F. and Sobral, Y. D.},
	doi = {10.1002/nag.2387},
	issue = {1},
	journal = {International Journal for Numerical and Analytical Methods in Geomechanics},
	month = {01},
	pages = {62-79},
	publisher = {John Wiley and Sons},
	title = {Extended CFD-DEM for free-surface flow with multi-size granules},
	volume = {40},
	year = {2016},
	bdsk-url-1 = {https://doi.org/10.1002/nag.2387}}

@article{Al-Yaari-2011,
	author = {Al-Yaari, Mohammed A and Abu-Sharkh, Basel F},
	journal = {Asian Transactions on Engineering},
	number = {5},
	pages = {68--75},
	publisher = {Citeseer},
	title = {CFD prediction of stratified oil-water flow in a horizontal pipe},
	volume = {1},
	year = {2011}}

@article{Akhtar-2007,
	author = {Akhtar, Abid and Pareek, Vishnu and Tad{\'e}, Moses},
	day = {8},
	doi = {10.2202/1934-2659.1011},
	issue = {1},
	journal = {Chemical Product and Process Modeling},
	month = {01},
	page = {--},
	publisher = {Walter de Gruyter GmbH \& Co. KG},
	title = {CFD Simulations for Continuous Flow of Bubbles through Gas-Liquid Columns: Application of VOF Method},
	volume = {2},
	year = {2007},
	bdsk-url-1 = {https://doi.org/10.2202/1934-2659.1011}}

@article{J-2007,
	author = {J. Dufek and G. W. Bergantz},
	doi = {10.1007/s00162-007-0041-6},
	issue = {2},
	journal = {Theoretical and Computational Fluid Dynamics},
	month = {03},
	pages = {119-145},
	publisher = {Springer},
	title = {Suspended load and bed-load transport of particle-laden gravity currents: the role of particle--bed interaction},
	volume = {21},
	year = {2007},
	bdsk-url-1 = {https://doi.org/10.1007/s00162-007-0041-6}}

@article{Liangyon-2009,
	author = {Liangyong Chen and Yufeng Duan and Wenhao Pu and Changsui Zhao},
	doi = {10.1007/s11814-009-0190-y},
	issue = {4},
	journal = {Korean Journal of Chemical Engineering},
	month = {07},
	pages = {1144-1154},
	publisher = {Springer US},
	title = {CFD simulation of coal-water slurry flowing in horizontal pipelines},
	volume = {26},
	year = {2009},
	bdsk-url-1 = {https://doi.org/10.1007/s11814-009-0190-y}}

@article{Ofei-2016,
	author = {Ofei, Titus Ntow and Ismail, Aidil Yunus},
	doi = {10.1155/2016/5743471},
	journal = {Journal of Petroleum Engineering},
	pages = {1-10},
	title = {Eulerian-Eulerian Simulation of Particle-Liquid Slurry Flow in Horizontal Pipe},
	volume = {2016},
	year = {2016},
	bdsk-url-1 = {https://doi.org/10.1155/2016/5743471}}

@article{Ofei-2014,
	author = {Ofei, Titus N. and Irawan, Sonny and Pao, William},
	doi = {10.1155/2014/486423},
	journal = {Journal of Petroleum Engineering},
	pages = {1-16},
	title = {CFD Method for Predicting Annular Pressure Losses and Cuttings Concentration in Eccentric Horizontal Wells},
	volume = {2014},
	year = {2014},
	bdsk-url-1 = {https://doi.org/10.1155/2014/486423}}

@article{gopaliya-2016,
	address = {Berlin},
	author = {Manoj Kumar Gopaliya and D.R. Kaushal},
	doi = {10.1515/johh-2016-0027},
	journal = {Journal of Hydrology and Hydromechanics},
	number = {3},
	pages = {261 - 272},
	publisher = {Sciendo},
	title = {Modeling of sand-water slurry flow through horizontal pipe using CFD},
	volume = {64},
	year = {2016},
	bdsk-url-1 = {https://doi.org/10.1515/johh-2016-0027}}

@article{Capecelatro-2013,
	author = {Capecelatro, Jesse and Desjardins, Olivier},
	doi = {10.1016/j.ijmultiphaseflow.2013.04.006},
	journal = {International Journal of Multiphase Flow},
	month = {10},
	pages = {64-79},
	publisher = {Elsevier Science},
	title = {Eulerian--Lagrangian modeling of turbulent liquid--solid slurries in horizontal pipes},
	volume = {55},
	year = {2013},
	bdsk-url-1 = {https://doi.org/10.1016/j.ijmultiphaseflow.2013.04.006}}

@article{AROLLA20151,
	author = {Sunil K. Arolla and Olivier Desjardins},
	doi = {10.1016/j.ijmultiphaseflow.2015.04.010},
	journal = {International Journal of Multiphase Flow},
	pages = {1 - 11},
	title = {Transport modeling of sedimenting particles in a turbulent pipe flow using Euler--Lagrange large eddy simulation},
	volume = {75},
	year = {2015},
	bdsk-url-1 = {https://doi.org/10.1016/j.ijmultiphaseflow.2015.04.010}}

@article{versteeg2007introduction,
	author = {Versteeg, Henk Kaarle and Malalasekera, Weeratunge},
	publisher = {Pearson education},
	title = {An introduction to computational fluid dynamics: the finite volume method},
	year = {2007}}

@article{Uzi-2017,
	author = {Uzi, Avi and Levy, Avi},
	doi = {10.1016/j.powtec.2017.11.067},
	journal = {Powder Technology},
	month = {12},
	page = {S0032591017309476--},
	publisher = {Elsevier Science},
	title = {Flow characteristics of coarse particles in horizontal hydraulic conveying},
	year = {2017},
	bdsk-url-1 = {https://doi.org/10.1016/j.powtec.2017.11.067}}

@article{J-2003,
	author = {J. Ling and P.V. Skudarnov and C.X. Lin and M.A. Ebadian},
	doi = {10.1016/s0142-727x(03)00018-3},
	issue = {3},
	journal = {International Journal of Heat and Fluid Flow},
	pages = {389-398},
	publisher = {Elsevier Science},
	title = {Numerical investigations of liquid--solid slurry flows in a fully developed turbulent flow region},
	volume = {24},
	year = {2003},
	bdsk-url-1 = {https://doi.org/10.1016/s0142-727x(03)00018-3}}

@article{C.X-2008,
	author = {C.X. Lin and M.A. Ebadian},
	doi = {10.1016/j.compfluid.2007.10.008},
	issue = {8},
	journal = {Computers \& Fluids},
	pages = {965-974},
	publisher = {Elsevier Science},
	title = {A numerical study of developing slurry flow in the entrance region of a horizontal pipe},
	volume = {37},
	year = {2008},
	bdsk-url-1 = {https://doi.org/10.1016/j.compfluid.2007.10.008}}

@article{Silva-2016,
	author = {Silva, R. and Faia, P.M. and Garcia, F.A.P. and Rasteiro, M.G.},
	doi = {10.1016/j.cherd.2016.05.013},
	journal = {Chemical Engineering Research and Design},
	month = {07},
	pages = {223-242},
	publisher = {Institution of Chemical Engineers},
	title = {Characterization of solid--liquid settling suspensions using Electrical Impedance Tomography: A comparison between numerical, experimental and visual information},
	volume = {111},
	year = {2016},
	bdsk-url-1 = {https://doi.org/10.1016/j.cherd.2016.05.013}}

@article{herna2008cfd,
	author = {Hernandez, Franz H and Blanco, Armando J and Rojas-Solorzano, Luis},
	booktitle = {Fluids Engineering Division Summer Meeting},
	pages = {857-863},
	title = {CFD modeling of slurry flows in horizontal pipes},
	volume = {48401},
	year = {2008}}

@article{Ekambara-2009,
	author = {Ekambara, Kalekudithi and Sanders, R. Sean and Nandakumar, K. and Masliyah, Jacob H.},
	day = {02},
	doi = {10.1021/ie801505z},
	issue = {17},
	journal = {Industrial \& Engineering Chemistry Research},
	month = {09},
	pages = {8159-8171},
	publisher = {American Chemical Society},
	title = {Hydrodynamic Simulation of Horizontal Slurry Pipeline Flow Using ANSYS-CFX},
	volume = {48},
	year = {2009},
	bdsk-url-1 = {https://doi.org/10.1021/ie801505z}}

@article{antaya2012modelling,
	author = {Antaya, Charlene L and Adane, Kofi Freeman K and Sanders, R Sean},
	booktitle = {Fluids Engineering Division Summer Meeting},
	doi = {10.1115/FEDSM2012-72379},
	organization = {American Society of Mechanical Engineers},
	pages = {1659-1671},
	title = {Modelling concentrated slurry pipeline flows},
	volume = {44755},
	year = {2012},
	bdsk-url-1 = {https://doi.org/10.1115/FEDSM2012-72379}}

@article{Liangyon-2009,
	author = {Liangyong Chen and Yufeng Duan and Wenhao Pu and Changsui Zhao},
	doi = {10.1007/s11814-009-0190-y},
	issue = {4},
	journal = {Korean Journal of Chemical Engineering},
	month = {07},
	page = {1144-1154},
	publisher = {Springer US},
	title = {CFD simulation of coal-water slurry flowing in horizontal pipelines},
	volume = {26},
	year = {2009},
	bdsk-url-1 = {https://doi.org/10.1007/s11814-009-0190-y}}

@article{bossio2009eulerian,
	author = {Bossio, Boris M and Blanco, Armando J and Hernandez, Franz H},
	doi = {10.1115/FEDSM2009-78019},
	pages = {525-533},
	publisher = {Fluids Engineering Division Summer Meeting},
	title = {Eulerian-Eulerian modeling of non-Newtonian slurries flow in horizontal pipes},
	volume = {43727},
	year = {2009},
	bdsk-url-1 = {https://doi.org/10.1115/FEDSM2009-78019}}

@article{D.R-2012,
	author = {D.R. Kaushal and T. Thinglas and Yuji Tomita and Shigeru Kuchii; Hiroshi Tsukamoto},
	doi = {10.1016/j.ijmultiphaseflow.2012.03.005},
	issue = {none},
	journal = {International Journal of Multiphase Flow},
	pages = {85-100},
	publisher = {Elsevier Science},
	title = {CFD modeling for pipeline flow of fine particles at high concentration},
	volume = {43},
	year = {2012},
	bdsk-url-1 = {https://doi.org/10.1016/j.ijmultiphaseflow.2012.03.005}}

@article{Y.Y-2012,
	author = {Y.Y. Jiang and P. Zhang},
	doi = {10.1016/j.ces.2012.01.027},
	issue = {none},
	journal = {Chemical Engineering Science},
	pages = {169-180},
	publisher = {Elsevier Science},
	title = {Numerical investigation of slush nitrogen flow in a horizontal pipe},
	volume = {73},
	year = {2012},
	bdsk-url-1 = {https://doi.org/10.1016/j.ces.2012.01.027}}

@article{Jiang-2013,
	author = {Jiang, Yuye and Zhang, Peng},
	doi = {10.1002/aic.13927},
	issue = {5},
	journal = {AIChE Journal},
	month = {05},
	pages = {1762-1773},
	publisher = {American Institute of Chemical Engineers},
	title = {Pressure drop and flow pattern of slush nitrogen in a horizontal pipe},
	volume = {59},
	year = {2013},
	bdsk-url-1 = {https://doi.org/10.1002/aic.13927}}

@article{Wang-2013,
	author = {Wang, Jihong and Wang, Shugang and Zhang, Tengfei and Liang, Yuntao},
	doi = {10.1016/j.ijrefrig.2012.08.007},
	issue = {1},
	journal = {International Journal of Refrigeration},
	month = {1},
	page = {70-80},
	publisher = {Elsevier Science},
	title = {Numerical investigation of ice slurry isothermal flow in various pipes},
	volume = {36},
	year = {2013},
	bdsk-url-1 = {https://doi.org/10.1016/j.ijrefrig.2012.08.007}}

@inproceedings{Messa-2013,
	author = {Messa, Gianandrea Vittorio and Malin, Michael and Malavasi, Stefano},
	doi = {10.1115/pvp2013-97460},
	page = {V004T04A006--},
	title = {[ASME ASME 2013 Pressure Vessels and Piping Conference - Paris, France (Sunday 14 July 2013)] Volume 4: Fluid-Structure Interaction - Numerical Prediction of Pressure Gradient of Slurry Flows in Horizontal Pipes},
	year = {2013},
	bdsk-url-1 = {https://doi.org/10.1115/pvp2013-97460}}

@article{Messa-2014,
	author = {Messa, Gianandrea Vittorio and Malin, Michael and Malavasi, Stefano},
	doi = {10.1016/j.powtec.2014.02.005},
	journal = {Powder Technology},
	month = {04},
	pages = {61-70},
	publisher = {Elsevier Science},
	title = {Numerical prediction of fully-suspended slurry flow in horizontal pipes},
	volume = {256},
	year = {2014},
	bdsk-url-1 = {https://doi.org/10.1016/j.powtec.2014.02.005}}

@article{Messa-2015,
	author = {Messa, Gianandrea Vittorio and Malavasi, Stefano},
	doi = {10.1016/j.powtec.2014.10.027},
	journal = {Powder Technology},
	month = {01},
	pages = {358-367},
	publisher = {Elsevier Science},
	title = {Improvements in the numerical prediction of fully-suspended slurry flow in horizontal pipes},
	volume = {270},
	year = {2015},
	bdsk-url-1 = {https://doi.org/10.1016/j.powtec.2014.10.027}}

@article{Gopaliya-2014,
	author = {Gopaliya, Manoj Kumar and Kaushal, D. R.},
	day = {20},
	doi = {10.1080/02726351.2014.971988},
	journal = {Particulate Science And Technology},
	month = {10},
	page = {150527101517007--},
	publisher = {Taylor and Francis Group},
	title = {Analysis of Effect of Grain Size on Various Parameters of Slurry Flow through Pipeline Using CFD},
	year = {2015},
	bdsk-url-1 = {https://doi.org/10.1080/02726351.2014.971988}}

@article{Hashemi-2016,
	author = {Hashemi, Seyed A. and Spelay, Ryan B. and Adane, Kofi F. K. and Sean Sanders, R.},
	doi = {10.1002/cjce.22492},
	issue = {6},
	journal = {The Canadian Journal of Chemical Engineering},
	month = {06},
	pages = {1059-1065},
	publisher = {John Wiley and Sons},
	title = {Solids velocity fluctuations in concentrated slurries},
	volume = {94},
	year = {2016},
	bdsk-url-1 = {https://doi.org/10.1002/cjce.22492}}

@article{Li-2018a,
	author = {Li, Ming-zhi and He, Yan-ping and Liu, Ya-dong and Huang, Chao},
	doi = {10.1016/j.oceaneng.2018.06.046},
	journal = {Ocean Engineering},
	month = {07},
	pages = {691-705},
	publisher = {Elsevier Science},
	title = {Hydrodynamic simulation of multi-sized high concentration slurry transport in pipelines},
	volume = {163},
	year = {2018},
	bdsk-url-1 = {https://doi.org/10.1016/j.oceaneng.2018.06.046}}

@article{Li-2018b,
	author = {Li, M.Z. and He, Y.P. and Liu, Y.D. and Huang, C.},
	doi = {10.1016/j.powtec.2018.07.088},
	journal = {Powder Technology},
	month = {09},
	publisher = {Elsevier Science},
	title = {Effect of interaction of particles with different sizes on particle kinetics in multi-sized slurry transport by pipeline},
	year = {2018},
	bdsk-url-1 = {https://doi.org/10.1016/j.powtec.2018.07.088}}

@article{Messa-2020,
	author = {Messa, Gianandrea Vittorioa and Matou{\v s}ek, V{\'a}clav},
	doi = {10.1016/j.powtec.2019.09.017},
	journal = {Powder Technology},
	month = {9},
	page = {S0032591019307429--},
	publisher = {Elsevier Science},
	title = {Analysis and discussion of two fluid modelling of pipe flow of fully suspended slurry},
	year = {2020},
	bdsk-url-1 = {https://doi.org/10.1016/j.powtec.2019.09.017}}

@article{M-1983,
	author = {M. C. Roco and C. A. Shook},
	doi = {10.1002/cjce.5450610402},
	issue = {4},
	journal = {The Canadian Journal of Chemical Engineering},
	pages = {494-503},
	publisher = {John Wiley and Sons},
	title = {Modeling of slurry flow: The effect of particle size},
	volume = {61},
	year = {1983},
	bdsk-url-1 = {https://doi.org/10.1002/cjce.5450610402}}

@article{Jaso-2000,
	author = {Jason Schaan and Robert J. Sumner and Randall G. Gillies and Clifton A. Shook},
	doi = {10.1002/cjce.5450780414},
	issue = {4},
	journal = {The Canadian Journal of Chemical Engineering},
	page = {717-725},
	publisher = {John Wiley and Sons},
	title = {The effect of particle shape on pipeline friction for newtonian slurries of fine particles},
	volume = {78},
	year = {2000},
	bdsk-url-1 = {https://doi.org/10.1002/cjce.5450780414}}

@article{V-2002,
	author = {V. Matousek},
	doi = {10.1016/s0894-1777(02)00176-0},
	issue = {6-7},
	journal = {Experimental Thermal and Fluid Science},
	page = {693-702},
	publisher = {Elsevier Science},
	title = {Pressure drops and flow patterns in sand-mixture pipes},
	volume = {26},
	year = {2002},
	bdsk-url-1 = {https://doi.org/10.1016/s0894-1777(02)00176-0}}

@article{Randal-2000,
	author = {Randall G. Gillies and Clifton A. Shook},
	doi = {10.1002/cjce.5450780413},
	issue = {4},
	journal = {The Canadian Journal of Chemical Engineering},
	page = {709--716},
	publisher = {John Wiley and Sons},
	title = {Modelling high concentration settling slurry flows},
	volume = {78},
	year = {2000},
	bdsk-url-1 = {https://doi.org/10.1002/cjce.5450780413}}

@article{Randal-2004,
	author = {Randall G. Gillies and Clifton A. Shook and Jihuai Xu},
	doi = {10.1002/cjce.5450820523},
	issue = {5},
	journal = {The Canadian Journal of Chemical Engineering},
	page = {1060--1065},
	publisher = {John Wiley and Sons},
	title = {Modelling Heterogeneous Slurry Flows at High Velocities},
	volume = {82},
	year = {2004},
	bdsk-url-1 = {https://doi.org/10.1002/cjce.5450820523}}

@article{D.R-2005,
	author = {D.R. Kaushal and Kimihiko Sato and Takeshi Toyota and Katsuya Funatsu; Yuji Tomita},
	doi = {10.1016/j.ijmultiphaseflow.2005.03.003},
	issue = {7},
	journal = {International Journal of Multiphase Flow},
	pages = {809-823},
	publisher = {Elsevier Science},
	title = {Effect of particle size distributioav on pressure drop and concentration profile in pipeline flow of highly concentrated slurry},
	volume = {31},
	year = {2005},
	bdsk-url-1 = {https://doi.org/10.1016/j.ijmultiphaseflow.2005.03.003}}

@article{D.R-2007,
	author = {D.R. Kaushal and Yuji Tomita},
	doi = {10.1016/j.powtec.2006.11.020},
	issue = {3},
	journal = {Powder Technology},
	pages = {177-187},
	publisher = {Elsevier Science},
	title = {Experimental investigation for near-wall lift of coarser particles in slurry pipeline using γ-ray densitometer},
	volume = {172},
	year = {2007},
	bdsk-url-1 = {https://doi.org/10.1016/j.powtec.2006.11.020}}

@article{Kumar,
	author = {Umesh Kumar and R. Mishra and Singh, {S. N.} and V. Seshadri},
	doi = {10.1016/S0032-5910(03)00045-7},
	journal = {Powder Technology},
	month = {5},
	number = {1},
	pages = {39-51},
	publisher = {Elsevier},
	title = {Effect of particle gradation on flow characteristics of ash disposal pipelines},
	volume = {132},
	year = {200},
	bdsk-url-1 = {https://doi.org/10.1016/S0032-5910(03)00045-7}}

@article{C.A-1994,
	author = {C.A. Shook and A.S. Bartosik},
	doi = {10.1016/0032-5910(94)02877-x},
	issue = {2},
	journal = {Powder Technology},
	pages = {117-124},
	publisher = {Elsevier Science},
	title = {Particle---wall stresses in vertical slurry flows},
	volume = {81},
	year = {1994},
	bdsk-url-1 = {https://doi.org/10.1016/0032-5910(94)02877-x}}

@article{Kaushal-2013,
	author = {Kaushal, D.R. and Kumar, A. and Tomita, Yuji and Kuchii, Shigeru and Tsukamoto, Hiroshi},
	doi = {10.1016/j.ijmultiphaseflow.2012.12.009},
	journal = {International Journal of Multiphase Flow},
	month = {6},
	pages = {71-91},
	publisher = {Elsevier Science},
	title = {Flow of mono-dispersed particles through horizontal bend},
	volume = {52},
	year = {2013},
	bdsk-url-1 = {https://doi.org/10.1016/j.ijmultiphaseflow.2012.12.009}}

@article{matousek,
	author = {Matou{\v s}ek, V{\'a}clav and Krupi{\v c}ka, Jan and Konfr{\v s}t, Ji{\v r}{\'\i} and Penik, Vojtech},
	month = {09},
	title = {Internal structure of settling-slurry flows: solids distribution and friction in horizontal pipe},
	year = {2013}}

@article{Ohira-2015,
	author = {Ohira, Katsuhide and Nakagomi, Kei and Takahashi, Koichi and Aoki, Itsuo},
	doi = {10.1016/j.phpro.2015.06.115},
	journal = {Physics Procedia},
	pages = {681-686},
	title = {Pressure-drop Reduction and Heat-transfer Deterioration of Slush Nitrogen in Square Pipe flow},
	volume = {67},
	year = {2015},
	bdsk-url-1 = {https://doi.org/10.1016/j.phpro.2015.06.115}}

@article{Gonzalez-2017,
	author = {Gonz{\'a}lez, J. and Sabirgalieva, N. and Rojas-Solorzano, L. and Zarruk, G.},
	doi = {10.3303/CET1757214},
	journal = {Chemical Engineering Transactions},
	month = {March},
	pages = {1279-1284},
	title = {Numerical Simulation of Slurry Flows in Heterogeneous and Saltation Regimes in Horizontal Pipelines},
	volume = {57},
	year = {2017},
	bdsk-url-1 = {https://doi.org/10.3303/CET1757214}}

@article{GID-1994,
	author = {Gidaspow, .D},
	doi = {10.1002/cjce.5450730523},
	issue = {5},
	journal = {The Canadian Journal of Chemical Engineering},
	pages = {784-784},
	publisher = {John Wiley and Sons},
	title = {Multiphase flow and fluidization: Continuum and kinetic theory descriptions by D. Gidaspow},
	volume = {73},
	year = {1994},
	bdsk-url-1 = {https://doi.org/10.1002/cjce.5450730523}}

@article{Lun_1984,
	author = {Lun , C. and Savage, Stuart and Jeffrey, David and Chepurniy , N.},
	doi = {10.1017/S0022112084000586},
	journal = {Journal of Fluid Mechanics},
	month = {03},
	pages = {223 - 256},
	title = {Kinetic theories for granular flow: Inelastic particles in Couette flow and slightly inelastic particles in a general flowfield},
	volume = {140},
	year = {1984},
	bdsk-url-1 = {https://doi.org/10.1017/S0022112084000586}}

@article{lun1986,
	author = {Lun, CKK and Savage, SB},
	doi = {10.1007/BF01182538},
	journal = {Acta Mechanica},
	number = {1-4},
	pages = {15-44},
	publisher = {Springer},
	title = {The effects of an impact velocity dependent coefficient of restitution on stresses developed by sheared granular materials},
	volume = {63},
	year = {1986},
	bdsk-url-1 = {https://doi.org/10.1007/BF01182538}}

@article{symlal1993,
	author = {Syamlal, M and Rogers, W and O`Brien, T J},
	doi = {10.2172/10145548},
	month = {12},
	place = {United States},
	title = {MFIX documentation theory guide},
	year = {1993},
	bdsk-url-1 = {https://doi.org/10.2172/10145548}}

@article{henrya,
	author = {Christine M. Hrenya and Jennifer L. Sinclair},
	doi = {10.1002/aic.690430402},
	issue = {4},
	journal = {AIChE Journal},
	pages = {853-869},
	publisher = {American Institute of Chemical Engineers},
	title = {Effects of particle-phase turbulence in gas-solid flows},
	volume = {43},
	year = {1997},
	bdsk-url-1 = {https://doi.org/10.1002/aic.690430402}}

@article{Carnahan-1969,
	author = {Carnahan, Norman F. and Starling, Kenneth E.},
	doi = {10.1063/1.1672048},
	issue = {2},
	journal = {The Journal of Chemical Physics},
	pages = {635-0},
	publisher = {American Institute of Physics},
	title = {Equation of State for Nonattracting Rigid Spheres},
	volume = {51},
	year = {1969},
	bdsk-url-1 = {https://doi.org/10.1063/1.1672048}}

@article{sinclair-1989,
	author = {J. L. Sinclair and R. Jackson},
	doi = {10.1002/aic.690350908},
	issue = {9},
	journal = {AIChE Journal},
	pages = {1473-1486},
	publisher = {American Institute of Chemical Engineers},
	title = {Gas-particle flow in a vertical pipe with particle-particle interactions},
	volume = {35},
	year = {1989},
	bdsk-url-1 = {https://doi.org/10.1002/aic.690350908}}

@article{Johnson-1987,
	author = {Johnson, P. C. and Jackson, R.},
	doi = {10.1017/S0022112087000570},
	journal = {Journal of Fluid Mechanics},
	month = {3},
	pages = {1-67},
	publisher = {Cambridge University Press},
	title = {Frictional--collisional constitutive relations for granular materials, with application to plane shearing},
	volume = {176},
	year = {1987},
	bdsk-url-1 = {https://doi.org/10.1017/S0022112087000570}}

@article{shafer-1987,
	author = {David G Schaeffer},
	doi = {10.1016/0022-0396(87)90038-6},
	issue = {1},
	journal = {Journal of Differential Equations},
	pages = {19-50},
	publisher = {Elsevier Science},
	title = {Instability in the evolution equations describing incompressible granular flow},
	volume = {66},
	year = {1987},
	bdsk-url-1 = {https://doi.org/10.1016/0022-0396(87)90038-6}}

@article{enwalid-1996,
	author = {H Enwald and E Peirano and A.-E Almstedt},
	doi = {10.1016/s0301-9322(96)90004-x},
	journal = {International Journal of Multiphase Flow},
	pages = {21-66},
	publisher = {Elsevier Science},
	title = {Eulerian two-phase flow theory applied to fluidization},
	volume = {22},
	year = {1996},
	bdsk-url-1 = {https://doi.org/10.1016/s0301-9322(96)90004-x}}

@article{ergun-1952,
	author = {Sabri Ergun},
	doi = {10.1016/s0301-9322(96)90004-x},
	journal = {Chemical Engineering Progress},
	pages = {89--94},
	title = {Fluid flow through packed columns},
	volume = {48},
	year = {1952},
	bdsk-url-1 = {https://doi.org/10.1016/s0301-9322(96)90004-x}}

@article{schiller1933,
	author = {Schiller, L and Naumann, A},
	journal = {Z. Vereines Deutscher Inge.},
	pages = {318-321},
	title = {{\"U}ber die grundlegenden Berechnungen bei der Schwerkraftaufbereitung},
	volume = {77},
	year = {1933}}

@article{wen1966,
	author = {Wen, C.Y. and Yu, Y.H.},
	journal = {The Chemical Engineering Progress Symposium Series},
	pages = {100-111},
	title = {Mechanics of Fluidization},
	volume = {162},
	year = {1966}}

@article{Syamlal87,
	author = {M. Syamlal and Thomas J. O'Brien},
	title = {The Derivation of a Drag Coefficient Formula from Velocity-Voidage Correlations. Unpublished report},
	year = {1987}}

@article{van2000derivation,
	author = {van Wachem, Berend Gerardus Michiel},
	title = {Derivation, implementation, and validation of computer simulation models for gas-solid fluidized beds},
	year = {2000}}

@article{Gidaspow-1983,
	author = {Gidaspow, Dimitri and Ettehadieh, Bozorg},
	doi = {10.1021/i100010a008},
	issue = {2},
	journal = {Industrial \& Engineering Chemistry Fundamentals},
	month = {05},
	pages = {193-201},
	publisher = {American Chemical Society},
	title = {Fluidization in two-dimensional beds with a jet. 2. Hydrodynamic modeling},
	volume = {22},
	year = {1983},
	bdsk-url-1 = {https://doi.org/10.1021/i100010a008}}

@article{richard,
	author = {JF Richardson and WN Zaki},
	doi = {10.1016/S0263-8762(97)80006-8},
	journal = {Trans. I Chem. Eng},
	pages = {35},
	title = {Sedimentation and fluidization: Part I},
	volume = {32},
	year = {1954},
	bdsk-url-1 = {https://doi.org/10.1016/S0263-8762(97)80006-8}}

@article{Launder-1973,
	author = {B. E. Launder and D. B. Spalding},
	doi = {10.1002/zamm.19730530619},
	issue = {6},
	journal = {ZAMM - Journal of Applied Mathematics and Mechanics / Zeitschrift f{\"u}r Angewandte Mathematik und Mechanik},
	pages = {424-424},
	publisher = {John Wiley and Sons},
	title = {Mathematical Models of Turbulence},
	volume = {53},
	year = {1973},
	bdsk-url-1 = {https://doi.org/10.1002/zamm.19730530619}}

@article{Victo-1986,
	author = {Victor Yakhot and Steven A. Orszag},
	doi = {10.1007/bf01061452},
	issue = {1},
	journal = {Journal of Scientific Computing},
	pages = {3-51},
	publisher = {Springer US},
	title = {Renormalization group analysis of turbulence. I. Basic theory},
	volume = {1},
	year = {1986},
	bdsk-url-1 = {https://doi.org/10.1007/bf01061452}}

@article{wilcox1998turbulence,
	author = {Wilcox, David C},
	publisher = {DCW industries La Canada, CA},
	title = {Turbulence modeling for CFD},
	volume = {2},
	year = {1998}}

@article{versteeg2007introduction,
	author = {Versteeg, Henk Kaarle and Malalasekera, Weeratunge},
	publisher = {Pearson education},
	title = {An introduction to computational fluid dynamics: the finite volume method},
	year = {2007}}

@article{Pha-2008,
	author = {Pham Van Bang, Damien and Lefran{\c c}ois, Emmanuel and Sergent, Philippe and Bertrand, Fran{\c c}ois},
	doi = {10.1051/lhb:2008025},
	issue = {3},
	journal = {La Houille Blanche},
	month = {06},
	pages = {39-44},
	publisher = {EDP Sciences},
	title = {Exp{\'e}rimentation par IRM et mod{\'e}lisation par {\'e}l{\'e}ments finis de la s{\'e}dimentation-consolidation des vases},
	year = {2008},
	bdsk-url-1 = {https://doi.org/10.1051/lhb:2008025}}

@article{chauchat,
	author = {Chauchat, Julien and Cheng, Zhen and Nagel, Tim and Bonamy, Cyrille and Hsu, Tian-Jian},
	doi = {10.5194/gmd-10-4367-2017},
	journal = {Geoscientific Model Development},
	month = {11},
	pages = {4367-4392},
	title = {SedFoam-2.0: A 3-D two-phase flow numerical model for sediment transport},
	volume = {10},
	year = {2017},
	bdsk-url-1 = {https://doi.org/10.5194/gmd-10-4367-2017}}

@article{Rabhi,
	author = {Rabhi, A. and Chkifa, A. and Benjelloun, S. and Latifi, A.},
	journal = {Computer Aided chemical engineering},
	pages = {229--234},
	title = {Surrogate-based modeling in flotation processes},
	volume = {43},
	year = {2018}}

@article{Cisternas,
	author = {Cisternas, Luis A. and Lucay, Freddy A. and Botero, Yesica L.},
	doi = {https://doi.org/10.3390/min10010022},
	journal = {Minerals},
	pages = {22},
	title = {Trends in Modeling, Design, and Optimization of Multiphase Systems in Minerals Processing},
	volume = {10},
	year = {2020},
	bdsk-url-1 = {https://doi.org/10.3390/min10010022}}

@article{Seong,
	author = {Seong, Yongho and Park, Changhyup and Choi, Jinho and Jang, Ilsik},
	doi = {doi:10.3390/en1304096},
	journal = {Energies},
	pages = {968},
	title = {Surrogate Model with a Deep Neural Network toEvaluate Gas--Liquid Flow in a Horizontal Pipe},
	volume = {13},
	year = {2020},
	bdsk-url-1 = {https://doi.org/10.3390/en1304096}}

@article{zhong2015,
	author = {Zhong, Hanbin and Lan, Xingying and Gao, Jinsen and Zheng, Yajun and Zhang, Zhiping},
	doi = {doi:10.1016/j.powtec.2015.08.055},
	journal = {Powder Technology},
	pages = {740--743},
	publisher = {Elsevier},
	title = {The difference between specularity coefficient of 1 and no-slip solid phase wall boundary conditions in CFD simulation of gas--solid fluidized beds},
	volume = {286},
	year = {2015},
	bdsk-url-1 = {https://doi.org/10.1016/j.powtec.2015.08.055}}

@article{zhao2016,
	author = {Zhao, Yunhua and Ding, Tianqiang and Zhu, Liangyou and Zhong, Yingjie},
	doi = {doi:10.1021/acs.iecr.5b03792},
	journal = {Industrial \& Engineering Chemistry Research},
	number = {5},
	pages = {1439--1448},
	publisher = {ACS Publications},
	title = {A specularity coefficient model and its application to dense particulate flow simulations},
	volume = {55},
	year = {2016},
	bdsk-url-1 = {https://doi.org/10.1021/acs.iecr.5b03792}}

@article{li2013,
	author = {Li, Tingwen and Benyahia, Sofiane},
	doi = {doi:10.1002/aic.14132},
	journal = {AIChE Journal},
	number = {10},
	pages = {3624--3632},
	publisher = {Wiley Online Library},
	title = {Evaluation of wall boundary condition parameters for gas--solids fluidized bed simulations},
	volume = {59},
	year = {2013},
	bdsk-url-1 = {https://doi.org/10.1002/aic.14132}}

@article{ehsani2016,
	author = {Ehsani, Mehran and Movahedirad, Salman and Shahhosseini, Shahrokh},
	doi = {doi:10.1002/ceat.201400744},
	journal = {International Journal of Thermal Sciences},
	pages = {111--121},
	publisher = {Elsevier},
	title = {The effect of particle properties on the heat transfer characteristics of a liquid--solid fluidized bed heat exchanger},
	volume = {102},
	year = {2016},
	bdsk-url-1 = {https://doi.org/10.1002/ceat.201400744}}

@article{passalacqua2011implementation,
	author = {Passalacqua, A. and Fox, R. O.},
	journal = {Powder Technology},
	number = {1-3},
	pages = {174--187},
	publisher = {Elsevier},
	title = {Implementation of an iterative solution procedure for multi-fluid gas--particle flow models on unstructured grids},
	volume = {213},
	year = {2011}}

@book{drew2006theory,
	author = {Drew, D. A. and Passman, S. L.},
	publisher = {Springer Science \& Business Media},
	title = {Theory of multicomponent fluids},
	volume = {135},
	year = {2006}}

@article{elkarii2020towards,
	author = {Elkarii, M. and Bouallou, C. and Ratnani, A.},
	journal = {Chemical Engineering Transactions},
	pages = {757--762},
	title = {Towards Modelling a Diphasic Flow Using the {CFD} Technique to Achieve a Digital Twin of a {P}hosphate Slurry Piping Process},
	volume = {81},
	year = {2020}}

@article{maxey1983equation,
	author = {Maxey, M. R. and Riley, J. J.},
	journal = {The Physics of Fluids},
	number = {4},
	pages = {883--889},
	publisher = {American Institute of Physics},
	title = {Equation of motion for a small rigid sphere in a nonuniform flow},
	volume = {26},
	year = {1983}}

@article{schiller1933grundlegenden,
	author = {Schiller, L.},
	journal = {Z. Vereines Deutscher Inge.},
	pages = {318--321},
	title = {{\"U}ber die grundlegenden Berechnungen bei der Schwerkraftaufbereitung},
	volume = {77},
	year = {1933}}

@inproceedings{mendygarin2017eulerian,
	author = {Mendygarin, Y. and Rojas-Sol{\'o}rzano, L. R. and Kussaiyn, N. and Supiyev, R. and Zhussupbekov, M.},
	booktitle = {ASME International Mechanical Engineering Congress and Exposition},
	organization = {American Society of Mechanical Engineers},
	pages = {V003T04A020},
	title = {Eulerian-Eulerian Multiphase Modeling of Blood Cells Segregation in Flow Through Microtubes},
	volume = {58363},
	year = {2017}}

@book{gidaspow1994multiphase,
	author = {Gidaspow, D.},
	publisher = {Academic press},
	title = {Multiphase flow and fluidization: continuum and kinetic theory descriptions},
	year = {1994}}

@article{schiller1933drag,
	author = {Schiller, L. and Nauman, A.},
	journal = {Zeit. Ver. Deutsch. Ing.},
	pages = {318--320},
	title = {A drag coefficient correlation},
	volume = {77},
	year = {1933}}

@article{auton1988force,
	author = {Auton, T. R. and Hunt, J. C. R. and Prud'Homme, M.},
	journal = {Journal of Fluid Mechanics},
	pages = {241--257},
	publisher = {Cambridge University Press},
	title = {The force exerted on a body in inviscid unsteady non-uniform rotational flow},
	volume = {197},
	year = {1988}}

@article{wen1966generalized,
	author = {Wen, C. Y. and Yu, Y. H.},
	journal = {AIChE Journal},
	number = {3},
	pages = {610--612},
	publisher = {American Institute of chemical engineers New York},
	title = {A generalized method for predicting the minimum fluidization velocity},
	volume = {12},
	year = {1966}}
